1874 2917
815 166 1054 208 -ῃ-

297 333 393 360 mox
419 319 725 370 intellegemus:
755 332 849 358 cum
877 320 998 368 enim,
1029 332 1133 371 quae
1162 318 1321 358 Gellius
1339 318 1576 358 Macrobius

297 394 466 434 Servius
495 407 516 432 e
543 394 681 432 Probo
710 394 850 449 citant,
888 393 934 431 in
960 393 1088 432 Probi
1116 393 1432 443 commentariis,
1472 406 1575 445 quos

296 482 407 508 nunc
443 467 495 507 ad
523 468 699 519 Vergilii
735 469 897 519 eclogas
934 472 976 506 et
1010 468 1205 519 georgica
1239 468 1448 518 habemus,
1491 456 1580 506 noxi

296 526 461 582 tantum
489 541 772 581 desiderentur
796 541 868 581 sed
886 543 1017 581 multo
1038 543 1159 581 aliter
1176 543 1369 594 legantur
1386 545 1577 594 apertum

297 632 385 657 esse
413 622 455 657 et
482 618 748 669 Suringarius
775 621 818 656 et
845 617 1034 657 Osannus
1069 617 1223 668 dicunt,
1268 617 1419 670 quibus
1453 617 1577 670 plane

297 693 489 733 assentiri
507 706 583 732 nos
603 693 857 744 confitemur,
882 694 1145 746 [quamquam
1164 697 1205 732 et
1220 693 1249 733 J
1251 693 1382 733 ahnus
1403 693 1574 746 (proleg.

297 768 349 807 ad
376 769 582 819 Persium)
612 773 653 807 et
680 769 888 820 Bergkius
918 767 1119 815 (anecdot.
1149 769 1316 808 Parisin
1342 769 1387 807 in
1415 769 1573 821 ephem.

297 845 423 896 antiq.
448 845 551 882 1845
569 858 608 882 u.
633 845 805 894 11-17)
835 843 1015 893 eandem,
1048 857 1168 895 quam
1198 843 1249 882 de
1272 844 1410 883 Probo
1438 857 1575 895 gram·

296 919 447 958 matico
485 931 609 970 supra
644 918 891 970 protulimus
928 919 1184 968 sententiam,
1230 922 1271 957 et
1313 917 1365 957 ad
1392 919 1576 958 Probum

298 997 662 1032 commentatorem
689 993 897 1047 pertinere
919 1006 1039 1046 posse
1057 995 1339 1046 putaverunt3]
1370 1007 1454 1032 non
1472 994 1575 1033 istos

298 1068 613 1108 commentarios
642 1068 713 1120 qui
742 1072 963 1122 supersunt
990 1066 1061 1107 sed
1088 1068 1191 1107 alios
1219 1068 1269 1108 ab
1293 1069 1345 1107 iis
1365 1068 1574 1122 scriptori-

297 1145 372 1183 bus
401 1144 656 1195 significatos
686 1144 823 1193 esse.*)

426 1238 545 1287 Quod
573 1244 712 1278 autem
740 1239 861 1278 Thilo
891 1240 932 1290 (l.
961 1240 1007 1288 1.)
1037 1238 1138 1278 dicit
1165 1240 1220 1278 M.
1245 1240 1454 1279 Valerium
1472 1242 1574 1279 Pro-

295 1316 395 1355 bum
435 1315 655 1366 Berytium
695 1319 738 1353 et
779 1315 823 1353 in
869 1313 1135 1353 emendandis
1180 1315 1357 1353 maxime
1398 1315 1576 1366 Vergilii

297 1391 596 1445 exemplaribus
625 1391 669 1429 in
696 1389 929 1435 Aristarchi
964 1403 1121 1429 morem
1158 1404 1321 1444 operam
1356 1391 1576 1430 collocasse

297 1471 338 1505 et
365 1467 545 1520 primum
583 1469 693 1504 certe
735 1466 1025 1517 georgicorum
1067 1466 1220 1504 librum
1260 1466 1389 1519 ipsius
1429 1470 1575 1519 poetae

297 1555 422 1580 manu
450 1545 680 1580 correctum
707 1540 938 1592 legisse,*'²*)
981 1554 1066 1579 non
1094 1540 1301 1591 habemus,
1341 1539 1451 1593 quod
1479 1540 1574 1580 doc-

297 1616 447 1654 tissimi
474 1616 585 1654 illius
614 1616 694 1654 viri
723 1616 969 1654 sententiam
994 1615 1221 1654 reiciamus.
1269 1616 1424 1654 Tamen
1452 1615 1576 1654 etiam

297 1692 528 1731 Ribbeckio
552 1692 867 1744 Kirchneroque
895 1691 1086 1730 assentiri
1114 1704 1198 1729 non
1227 1690 1473 1741 dubitamus,
1505 1691 1577 1744 qui

299 1767 563 1805 coniectanea
593 1765 792 1818 quaedam
820 1767 1090 1817 grammatica
1118 1780 1141 1804 a
1168 1767 1223 1804 M.
1247 1766 1410 1805 Valerio
1439 1767 1576 1805 Probo

253 1840 255 1843 ’
296 1840 441 1880 relicta
460 1842 659 1881 Suetonio
689 1845 794 1879 teste
824 1840 888 1891 (de
907 1841 1055 1880 illustr.
1077 1854 1248 1892 gramm.
1271 1855 1331 1895 cp.
1353 1841 1421 1890 24)
1450 1841 1576 1881 variis

297 1915 588 1955 additamentis
608 1920 729 1954 aucta
748 1920 789 1954 et
808 1917 997 1969 suppleta
1015 1911 1152 1954 Probo
1179 1920 1342 1954 mortuo
1363 1915 1413 1955 ab
1434 1916 1577 1955 amicis

423 2065 457 2108 ὕ)
481 2067 632 2099 Haedere
656 2068 713 2099 cf:
738 2067 780 2099 H.
797 2067 957 2098 A.L'1011:
983 2067 1084 2099 Probi
1107 2068 1142 2098 in
1161 2067 1261 2108 Verg.
1284 2071 1457 2099 comment.
1485 2067 1576 2098 1826.

296 2131 542 2163 Schneidewin:
573 2132 729 2172 Beitra'ige
753 2141 809 2162 zur
831 2131 944 2163 Kritik
968 2131 1026 2162 des
1051 2131 1390 2172 Vergilcomrnentars
1413 2132 1472 2163 des
1496 2132 1577 2163 Pro-

423 2175 494 2206 bus.
540 2174 657 2206 Rhein.
681 2173 765 2205 Mus.
788 2173 832 2207 N.
855 2174 892 2205 F.
917 2174 978 2205 IV.
1002 2184 1033 2215 p.
1059 2173 1120 2205 140
1143 2185 1213 2216 sqq.

297 2228 339 2259 A.
364 2228 478 2260 Riese:
512 2229 552 2259 de
576 2229 811 2260 commentario
834 2227 1043 2269 Vergiliano,
1067 2229 1123 2268 qui
1146 2228 1191 2259 M.
1216 2228 1346 2259 Valerii
1370 2228 1473 2260 Probi
1496 2229 1578 2260 dici-

422 2275 476 2302 tur
498 2271 595 2301 Bonn
620 2271 712 2301 1562.

295 2324 333 2354 Ο.
357 2324 525 2355 Ribbeck:
560 2324 600 2355 de
624 2324 859 2354 commentario
882 2302 1081 2364 Vergiliano
1114 2326 1176 2354 etc.
1206 2327 1322 2355 contra
1350 2324 1394 2354 A.
1418 2323 1578 2355 Riesium.

423 2366 586 2398 Fleckeis.
610 2366 726 2397 Jahrb.
751 2366 801 2397 fiir
825 2365 921 2398 class.
945 2365 1066 2397 Philol.
1093 2366 1185 2397 1863.
1209 2377 1242 2408 p.
1265 2367 1326 2398 351
1351 2377 1422 2408 sqq.

423 2429 478 2473 ss)
504 2431 546 2465 cf.
572 2430 689 2465 Gellii:
714 2434 801 2464 noct.
825 2431 917 2464 attic.
941 2430 999 2462 lib.
1023 2430 1120 2463 XIII.
1144 2430 1227 2469 21,4.
