<?xml version="1.0" encoding="UTF-8"?>
<!DOCTYPE html PUBLIC "-//W3C//DTD XHTML 1.0 Transitional//EN"
    "http://www.w3.org/TR/xhtml1/DTD/xhtml1-transitional.dtd">
<html xmlns="http://www.w3.org/1999/xhtml" xml:lang="en" lang="en">
 <head>
  <title>
</title>
<meta http-equiv="Content-Type" content="text/html;charset=utf-8" />
  <meta name='ocr-system' content='tesseract 3.04.00' />
  <meta name='ocr-capabilities' content='ocr_page ocr_carea ocr_par ocr_line ocrx_word'/>
</head>
<body>
  <div class='ocr_page' id='page_1' title='image "4737347_0058.png"; bbox 0 0 1874 2917; ppageno 0'>
   <div class='ocr_carea' id='block_1_1' title="bbox 759 185 999 228">
    <p class='ocr_par' dir='ltr' id='par_1_1' title="bbox 759 185 999 228">
     <span class='ocr_line' id='line_1_1' title="bbox 759 185 999 228; baseline 0.004 -11"><span class='ocrx_word' id='word_1_1' title='bbox 759 185 999 228; x_wconf 42' lang='lat'><strong><em>*5¹7*</em></strong></span> 
     </span>
    </p>
   </div>
   <div class='ocr_carea' id='block_1_2' title="bbox 238 339 1521 617">
    <p class='ocr_par' dir='ltr' id='par_1_2' title="bbox 238 339 1521 540">
     <span class='ocr_line' id='line_1_2' title="bbox 240 339 1520 392; baseline 0.001 -14"><span class='ocrx_word' id='word_1_2' title='bbox 240 353 290 378; x_wconf 86' lang='lat' dir='ltr'>ex</span> <span class='ocrx_word' id='word_1_3' title='bbox 317 340 473 379; x_wconf 85' lang='lat' dir='ltr'>Donati</span> <span class='ocrx_word' id='word_1_4' title='bbox 500 339 774 392; x_wconf 68' lang='lat' dir='ltr'>interpretum</span> <span class='ocrx_word' id='word_1_5' title='bbox 803 340 1121 390; x_wconf 82' lang='lat' dir='ltr'>commentariis,</span> <span class='ocrx_word' id='word_1_6' title='bbox 1161 353 1336 392; x_wconf 89' lang='lat' dir='ltr'>quorum</span> <span class='ocrx_word' id='word_1_7' title='bbox 1364 340 1447 379; x_wconf 89' lang='lat' dir='ltr'>iam</span> <span class='ocrx_word' id='word_1_8' title='bbox 1475 341 1520 379; x_wconf 89' lang='lat' dir='ltr'>in</span> 
     </span>
     <span class='ocr_line' id='line_1_3' title="bbox 238 415 1521 468; baseline 0 -14"><span class='ocrx_word' id='word_1_9' title='bbox 238 415 375 467; x_wconf 89' lang='lat' dir='ltr'>priore</span> <span class='ocrx_word' id='word_1_10' title='bbox 421 416 610 467; x_wconf 82' lang='lat' dir='ltr'>opusculi</span> <span class='ocrx_word' id='word_1_11' title='bbox 655 416 787 454; x_wconf 89' lang='lat' dir='ltr'>nostri</span> <span class='ocrx_word' id='word_1_12' title='bbox 832 421 949 468; x_wconf 86' lang='lat' dir='ltr'>parte</span> <span class='ocrx_word' id='word_1_13' title='bbox 995 416 1145 454; x_wconf 83' lang='lat' dir='ltr'>mirum</span> <span class='ocrx_word' id='word_1_14' title='bbox 1187 429 1433 454; x_wconf 90' lang='lat' dir='ltr'>consensum</span> <span class='ocrx_word' id='word_1_15' title='bbox 1476 416 1521 454; x_wconf 89' lang='lat' dir='ltr'>in</span> 
     </span>
     <span class='ocr_line' id='line_1_4' title="bbox 240 489 1322 540; baseline 0 -12"><span class='ocrx_word' id='word_1_16' title='bbox 240 490 427 540; x_wconf 82' lang='lat' dir='ltr'><strong>margine</strong></span> <span class='ocrx_word' id='word_1_17' title='bbox 455 489 753 540; x_wconf 84' lang='lat' dir='ltr'>adnotavimus,</span> <span class='ocrx_word' id='word_1_18' title='bbox 784 490 852 529; x_wconf 84' lang='lat' dir='ltr'>hic</span> <span class='ocrx_word' id='word_1_19' title='bbox 881 491 1008 529; x_wconf 86' lang='lat' dir='ltr'>citare</span> <span class='ocrx_word' id='word_1_20' title='bbox 1035 490 1155 529; x_wconf 90' lang='lat' dir='ltr'>nobis</span> <span class='ocrx_word' id='word_1_21' title='bbox 1182 490 1322 528; x_wconf 87' lang='lat' dir='ltr'>liceat:</span> 
     </span>
    </p>

    <p class='ocr_par' dir='ltr' id='par_1_3' title="bbox 367 564 1521 617">
     <span class='ocr_line' id='line_1_5' title="bbox 367 564 1521 617; baseline 0.001 -14"><span class='ocrx_word' id='word_1_22' title='bbox 367 566 511 617; x_wconf 88' lang='lat' dir='ltr'><strong>Pomp.</strong></span> <span class='ocrx_word' id='word_1_23' title='bbox 542 579 579 617; x_wconf 90' lang='lat' dir='ltr'>p.</span> <span class='ocrx_word' id='word_1_24' title='bbox 611 565 688 604; x_wconf 87' lang='grc'>269</span> <span class='ocrx_word' id='word_1_25' title='bbox 717 566 769 604; x_wconf 92' lang='grc' dir='ltr'>Κ.</span> <span class='ocrx_word' id='word_1_26' title='bbox 801 564 851 604; x_wconf 90' lang='lat' dir='ltr'>de</span> <span class='ocrx_word' id='word_1_27' title='bbox 879 566 1232 617; x_wconf 72' lang='lat' dir='ltr'>praepositionum</span> <span class='ocrx_word' id='word_1_28' title='bbox 1261 565 1521 604; x_wconf 85' lang='lat' dir='ltr'>ordinatione</span> 
     </span>
    </p>
   </div>
   <div class='ocr_carea' id='block_1_3' title="bbox 168 640 1376 692">
    <p class='ocr_par' dir='ltr' id='par_1_4' title="bbox 168 640 1376 692">
     <span class='ocr_line' id='line_1_6' title="bbox 168 640 1376 692; baseline 0 -13"><span class='ocrx_word' id='word_1_29' title='bbox 168 680 174 685; x_wconf 78' lang='grc'>,</span> <span class='ocrx_word' id='word_1_30' title='bbox 241 640 355 679; x_wconf 83' lang='lat' dir='ltr'>Serv.</span> <span class='ocrx_word' id='word_1_31' title='bbox 386 654 425 692; x_wconf 91' lang='lat' dir='ltr'>p.</span> <span class='ocrx_word' id='word_1_32' title='bbox 450 641 535 679; x_wconf 87' lang='lat'>418</span> <span class='ocrx_word' id='word_1_33' title='bbox 563 654 648 691; x_wconf 85' lang='lat' dir='ltr'>sqq.</span> <span class='ocrx_word' id='word_1_34' title='bbox 678 641 731 678; x_wconf 88' lang='lat' dir='ltr'>K.</span> <span class='ocrx_word' id='word_1_35' title='bbox 764 641 926 691; x_wconf 83' lang='lat' dir='ltr'>[Sergii]</span> <span class='ocrx_word' id='word_1_36' title='bbox 958 642 1116 692; x_wconf 89' lang='lat' dir='ltr'>explan.</span> <span class='ocrx_word' id='word_1_37' title='bbox 1147 655 1185 692; x_wconf 91' lang='lat' dir='ltr'>p.</span> <span class='ocrx_word' id='word_1_38' title='bbox 1216 641 1294 679; x_wconf 80' lang='lat'>517</span> <span class='ocrx_word' id='word_1_39' title='bbox 1323 642 1376 679; x_wconf 94' lang='grc' dir='ltr'>Κ.</span> 
     </span>
    </p>
   </div>
   <div class='ocr_carea' id='block_1_4' title="bbox 240 710 1522 917">
    <p class='ocr_par' dir='ltr' id='par_1_5' title="bbox 240 710 1522 917">
     <span class='ocr_line' id='line_1_7' title="bbox 314 710 1518 767; baseline 0 -13"><span class='ocrx_word' id='word_1_40' title='bbox 314 710 316 712; x_wconf 48' lang='grc'><strong>’</strong></span> <span class='ocrx_word' id='word_1_41' title='bbox 368 715 482 754; x_wconf 83' lang='lat' dir='ltr'>Serv.</span> <span class='ocrx_word' id='word_1_42' title='bbox 504 729 542 766; x_wconf 92' lang='lat' dir='ltr'>p.</span> <span class='ocrx_word' id='word_1_43' title='bbox 573 715 652 755; x_wconf 78' lang='lat'>407</span> <span class='ocrx_word' id='word_1_44' title='bbox 680 716 732 754; x_wconf 88' lang='lat' dir='ltr'>K.</span> <span class='ocrx_word' id='word_1_45' title='bbox 767 716 929 766; x_wconf 87' lang='lat' dir='ltr'>[Sergii]</span> <span class='ocrx_word' id='word_1_46' title='bbox 961 716 1119 767; x_wconf 83' lang='lat' dir='ltr'>explan.</span> <span class='ocrx_word' id='word_1_47' title='bbox 1141 729 1179 767; x_wconf 89' lang='lat' dir='ltr'>p.</span> <span class='ocrx_word' id='word_1_48' title='bbox 1201 716 1280 767; x_wconf 83' lang='lat'>492</span> <span class='ocrx_word' id='word_1_49' title='bbox 1299 717 1353 762; x_wconf 86' lang='lat' dir='ltr'>K.</span> <span class='ocrx_word' id='word_1_50' title='bbox 1373 716 1518 767; x_wconf 88' lang='lat' dir='ltr'>Pomp.</span> 
     </span>
     <span class='ocr_line' id='line_1_8' title="bbox 240 789 1521 843; baseline 0.001 -15"><span class='ocrx_word' id='word_1_51' title='bbox 240 802 278 841; x_wconf 88' lang='lat' dir='ltr'>p.</span> <span class='ocrx_word' id='word_1_52' title='bbox 312 789 388 828; x_wconf 81' lang='lat'>157</span> <span class='ocrx_word' id='word_1_53' title='bbox 417 803 503 841; x_wconf 85' lang='lat' dir='ltr'>sqq.</span> <span class='ocrx_word' id='word_1_54' title='bbox 533 791 599 840; x_wconf 84' lang='lat' dir='ltr'>K.‚</span> <span class='ocrx_word' id='word_1_55' title='bbox 645 802 820 841; x_wconf 88' lang='lat' dir='ltr'>quorum</span> <span class='ocrx_word' id='word_1_56' title='bbox 848 790 1019 829; x_wconf 89' lang='lat' dir='ltr'>ultimus</span> <span class='ocrx_word' id='word_1_57' title='bbox 1049 789 1098 829; x_wconf 92' lang='lat' dir='ltr'>de</span> <span class='ocrx_word' id='word_1_58' title='bbox 1127 790 1398 843; x_wconf 86' lang='lat' dir='ltr'>comparativi</span> <span class='ocrx_word' id='word_1_59' title='bbox 1427 803 1521 842; x_wconf 88' lang='lat' dir='ltr'>gra-</span> 
     </span>
     <span class='ocr_line' id='line_1_9' title="bbox 241 863 1522 917; baseline 0 -14"><span class='ocrx_word' id='word_1_60' title='bbox 241 863 317 903; x_wconf 90' lang='lat' dir='ltr'>dus</span> <span class='ocrx_word' id='word_1_61' title='bbox 337 865 644 904; x_wconf 84' lang='lat' dir='ltr'>constructione</span> <span class='ocrx_word' id='word_1_62' title='bbox 663 878 757 903; x_wconf 89' lang='lat' dir='ltr'>cum</span> <span class='ocrx_word' id='word_1_63' title='bbox 776 865 857 903; x_wconf 89' lang='lat' dir='ltr'>alia</span> <span class='ocrx_word' id='word_1_64' title='bbox 882 870 973 903; x_wconf 86' lang='lat' dir='ltr'>tum</span> <span class='ocrx_word' id='word_1_65' title='bbox 990 866 1091 903; x_wconf 87' lang='lat' dir='ltr'>haec</span> <span class='ocrx_word' id='word_1_66' title='bbox 1111 866 1185 905; x_wconf 85' lang='lat' dir='ltr'>ait:</span> <span class='ocrx_word' id='word_1_67' title='bbox 1215 866 1522 917; x_wconf 80' lang='lat' dir='ltr'>comparativus</span> 
     </span>
    </p>
   </div>
   <div class='ocr_carea' id='block_1_5' title="bbox 192 938 1568 2499">
    <p class='ocr_par' dir='ltr' id='par_1_6' title="bbox 192 938 1522 1065">
     <span class='ocr_line' id='line_1_10' title="bbox 192 938 1522 991; baseline 0.002 -14"><span class='ocrx_word' id='word_1_68' title='bbox 192 943 195 946; x_wconf 73' lang='grc'>’</span> <span class='ocrx_word' id='word_1_69' title='bbox 241 938 393 990; x_wconf 82' lang='lat' dir='ltr'>gradus</span> <span class='ocrx_word' id='word_1_70' title='bbox 412 939 602 991; x_wconf 89' lang='lat' dir='ltr'>iungitur</span> <span class='ocrx_word' id='word_1_71' title='bbox 625 940 760 979; x_wconf 90' lang='lat' dir='ltr'>tribus</span> <span class='ocrx_word' id='word_1_72' title='bbox 779 939 950 978; x_wconf 88' lang='lat' dir='ltr'>casibus.</span> <span class='ocrx_word' id='word_1_73' title='bbox 1008 940 1196 979; x_wconf 85' lang='lat' dir='ltr'>Donatus</span> <span class='ocrx_word' id='word_1_74' title='bbox 1225 940 1299 978; x_wconf 86' lang='lat' dir='ltr'>ait:</span> <span class='ocrx_word' id='word_1_75' title='bbox 1335 939 1522 990; x_wconf 83' lang='lat' dir='ltr'>„duobus</span> 
     </span>
     <span class='ocr_line' id='line_1_11' title="bbox 241 1015 625 1065; baseline 0 -12"><span class='ocrx_word' id='word_1_76' title='bbox 241 1015 431 1053; x_wconf 80' lang='lat' dir='ltr'>casibus“</span> <span class='ocrx_word' id='word_1_77' title='bbox 460 1019 501 1053; x_wconf 83' lang='lat' dir='ltr'>et</span> <span class='ocrx_word' id='word_1_78' title='bbox 529 1029 566 1065; x_wconf 90' lang='lat' dir='ltr'>q.</span> <span class='ocrx_word' id='word_1_79' title='bbox 597 1028 625 1053; x_wconf 91' lang='lat' dir='ltr'>s.</span> 
     </span>
    </p>

    <p class='ocr_par' dir='ltr' id='par_1_7' title="bbox 241 1090 1568 1441">
     <span class='ocr_line' id='line_1_12' title="bbox 370 1090 1520 1141; baseline 0.001 -14"><span class='ocrx_word' id='word_1_80' title='bbox 370 1090 484 1128; x_wconf 84' lang='lat' dir='ltr'>Serv.</span> <span class='ocrx_word' id='word_1_81' title='bbox 515 1102 553 1140; x_wconf 88' lang='lat' dir='ltr'>p.</span> <span class='ocrx_word' id='word_1_82' title='bbox 575 1090 653 1128; x_wconf 79' lang='lat'>437</span> <span class='ocrx_word' id='word_1_83' title='bbox 682 1090 734 1127; x_wconf 89' lang='lat' dir='ltr'>K.</span> <span class='ocrx_word' id='word_1_84' title='bbox 769 1090 930 1141; x_wconf 84' lang='lat' dir='ltr'>[Sergii]</span> <span class='ocrx_word' id='word_1_85' title='bbox 962 1090 1121 1140; x_wconf 85' lang='lat' dir='ltr'>explan.</span> <span class='ocrx_word' id='word_1_86' title='bbox 1144 1103 1181 1141; x_wconf 91' lang='lat' dir='ltr'>p.</span> <span class='ocrx_word' id='word_1_87' title='bbox 1204 1091 1281 1128; x_wconf 88' lang='lat'>553</span> <span class='ocrx_word' id='word_1_88' title='bbox 1301 1091 1353 1128; x_wconf 92' lang='lat' dir='ltr'>K.</span> <span class='ocrx_word' id='word_1_89' title='bbox 1376 1091 1520 1141; x_wconf 90' lang='lat' dir='ltr'>Pomp.</span> 
     </span>
     <span class='ocr_line' id='line_1_13' title="bbox 241 1164 1522 1216; baseline 0.001 -14"><span class='ocrx_word' id='word_1_90' title='bbox 241 1178 279 1216; x_wconf 86' lang='lat' dir='ltr'>p.</span> <span class='ocrx_word' id='word_1_91' title='bbox 311 1165 389 1203; x_wconf 82' lang='lat'>238</span> <span class='ocrx_word' id='word_1_92' title='bbox 416 1165 482 1214; x_wconf 85' lang='lat' dir='ltr'>K.‚</span> <span class='ocrx_word' id='word_1_93' title='bbox 515 1164 664 1215; x_wconf 87' lang='lat' dir='ltr'>quibus</span> <span class='ocrx_word' id='word_1_94' title='bbox 693 1178 743 1203; x_wconf 88' lang='lat' dir='ltr'>ex</span> <span class='ocrx_word' id='word_1_95' title='bbox 771 1165 1044 1216; x_wconf 88' lang='lat' dir='ltr'>interpretum</span> <span class='ocrx_word' id='word_1_96' title='bbox 1071 1165 1173 1203; x_wconf 89' lang='lat' dir='ltr'>locis</span> <span class='ocrx_word' id='word_1_97' title='bbox 1204 1169 1244 1203; x_wconf 86' lang='lat' dir='ltr'>et</span> <span class='ocrx_word' id='word_1_98' title='bbox 1272 1165 1409 1216; x_wconf 89' lang='lat' dir='ltr'>ipsum</span> <span class='ocrx_word' id='word_1_99' title='bbox 1436 1165 1522 1203; x_wconf 92' lang='lat' dir='ltr'>Do-</span> 
     </span>
     <span class='ocr_line' id='line_1_14' title="bbox 241 1237 1524 1291; baseline 0.001 -14"><span class='ocrx_word' id='word_1_100' title='bbox 241 1243 386 1278; x_wconf 85' lang='lat' dir='ltr'>natum</span> <span class='ocrx_word' id='word_1_101' title='bbox 415 1237 615 1291; x_wconf 81' lang='lat' dir='ltr'>quaedam</span> <span class='ocrx_word' id='word_1_102' title='bbox 644 1238 694 1277; x_wconf 89' lang='lat' dir='ltr'>de</span> <span class='ocrx_word' id='word_1_103' title='bbox 719 1239 940 1278; x_wconf 88' lang='lat' dir='ltr'>verborum</span> <span class='ocrx_word' id='word_1_104' title='bbox 968 1240 1286 1289; x_wconf 70' lang='lat' dir='ltr'>constructione,</span> <span class='ocrx_word' id='word_1_105' title='bbox 1317 1253 1369 1278; x_wconf 89' lang='lat' dir='ltr'>ne</span> <span class='ocrx_word' id='word_1_106' title='bbox 1390 1238 1524 1278; x_wconf 90' lang='lat' dir='ltr'>dicam</span> 
     </span>
     <span class='ocr_line' id='line_1_15' title="bbox 243 1313 1568 1367; baseline 0.001 -14"><span class='ocrx_word' id='word_1_107' title='bbox 243 1313 293 1353; x_wconf 92' lang='lat' dir='ltr'>de</span> <span class='ocrx_word' id='word_1_108' title='bbox 317 1313 583 1354; x_wconf 86' lang='lat' dir='ltr'>idiomatibus</span> <span class='ocrx_word' id='word_1_109' title='bbox 603 1328 782 1365; x_wconf 82' lang='lat' dir='ltr'>casuum,</span> <span class='ocrx_word' id='word_1_110' title='bbox 814 1315 1035 1354; x_wconf 84' lang='lat' dir='ltr'>memoriae</span> <span class='ocrx_word' id='word_1_111' title='bbox 1064 1313 1293 1367; x_wconf 77' lang='lat' dir='ltr'>prodidisse</span> <span class='ocrx_word' id='word_1_112' title='bbox 1325 1315 1524 1367; x_wconf 87' lang='lat' dir='ltr'>suspicari</span> <span class='ocrx_word' id='word_1_113' title='bbox 1565 1343 1568 1345; x_wconf 19' lang='grc' dir='ltr'><strong>Α</strong></span> 
     </span>
     <span class='ocr_line' id='line_1_16' title="bbox 243 1391 788 1441; baseline 0.002 -13"><span class='ocrx_word' id='word_1_114' title='bbox 243 1403 318 1428; x_wconf 86' lang='lat' dir='ltr'>nos</span> <span class='ocrx_word' id='word_1_115' title='bbox 347 1403 466 1441; x_wconf 90' lang='lat' dir='ltr'>posse</span> <span class='ocrx_word' id='word_1_116' title='bbox 495 1391 788 1429; x_wconf 84' lang='lat' dir='ltr'>existimamus.</span> 
     </span>
    </p>

    <p class='ocr_par' dir='ltr' id='par_1_8' title="bbox 242 1466 1521 1592">
     <span class='ocr_line' id='line_1_17' title="bbox 371 1466 1521 1517; baseline 0 -14"><span class='ocrx_word' id='word_1_117' title='bbox 371 1466 496 1505; x_wconf 84' lang='lat' dir='ltr'>Serv..</span> <span class='ocrx_word' id='word_1_118' title='bbox 517 1479 554 1517; x_wconf 90' lang='lat' dir='ltr'>p.</span> <span class='ocrx_word' id='word_1_119' title='bbox 586 1467 664 1504; x_wconf 87' lang='lat'>413</span> <span class='ocrx_word' id='word_1_120' title='bbox 694 1480 750 1517; x_wconf 89' lang='lat' dir='ltr'>sq.</span> <span class='ocrx_word' id='word_1_121' title='bbox 782 1467 833 1504; x_wconf 84' lang='lat' dir='ltr'>K.</span> <span class='ocrx_word' id='word_1_122' title='bbox 876 1466 1038 1517; x_wconf 84' lang='lat' dir='ltr'>[Sergii]</span> <span class='ocrx_word' id='word_1_123' title='bbox 1070 1466 1229 1517; x_wconf 82' lang='lat' dir='ltr'>explan.</span> <span class='ocrx_word' id='word_1_124' title='bbox 1261 1479 1297 1517; x_wconf 90' lang='lat' dir='ltr'>p.</span> <span class='ocrx_word' id='word_1_125' title='bbox 1330 1467 1407 1504; x_wconf 80' lang='lat'>503</span> <span class='ocrx_word' id='word_1_126' title='bbox 1437 1480 1521 1517; x_wconf 88' lang='lat' dir='ltr'>sqq.</span> 
     </span>
     <span class='ocr_line' id='line_1_18' title="bbox 242 1541 1093 1592; baseline 0.001 -14"><span class='ocrx_word' id='word_1_127' title='bbox 242 1541 295 1578; x_wconf 90' lang='lat' dir='ltr'>K.</span> <span class='ocrx_word' id='word_1_128' title='bbox 326 1541 470 1592; x_wconf 89' lang='lat' dir='ltr'>Pomp.</span> <span class='ocrx_word' id='word_1_129' title='bbox 502 1554 540 1592; x_wconf 91' lang='lat' dir='ltr'>p.</span> <span class='ocrx_word' id='word_1_130' title='bbox 571 1541 649 1579; x_wconf 81' lang='lat'>213</span> <span class='ocrx_word' id='word_1_131' title='bbox 679 1545 720 1579; x_wconf 92' lang='lat' dir='ltr'>et</span> <span class='ocrx_word' id='word_1_132' title='bbox 748 1554 786 1592; x_wconf 89' lang='lat' dir='ltr'>p.</span> <span class='ocrx_word' id='word_1_133' title='bbox 818 1541 894 1579; x_wconf 80' lang='grc'>227</span> <span class='ocrx_word' id='word_1_134' title='bbox 925 1555 1010 1592; x_wconf 93' lang='lat' dir='ltr'>sqq.</span> <span class='ocrx_word' id='word_1_135' title='bbox 1041 1542 1093 1579; x_wconf 89' lang='lat' dir='ltr'>K.</span> 
     </span>
    </p>

    <p class='ocr_par' dir='ltr' id='par_1_9' title="bbox 244 1616 1523 1967">
     <span class='ocr_line' id='line_1_19' title="bbox 372 1616 1520 1667; baseline 0 -13"><span class='ocrx_word' id='word_1_136' title='bbox 372 1616 486 1654; x_wconf 82' lang='lat' dir='ltr'>Serv.</span> <span class='ocrx_word' id='word_1_137' title='bbox 517 1629 555 1666; x_wconf 89' lang='lat' dir='ltr'>p.</span> <span class='ocrx_word' id='word_1_138' title='bbox 585 1617 665 1654; x_wconf 88' lang='lat'>415</span> <span class='ocrx_word' id='word_1_139' title='bbox 692 1617 744 1654; x_wconf 87' lang='lat' dir='ltr'>K.</span> <span class='ocrx_word' id='word_1_140' title='bbox 784 1616 946 1666; x_wconf 85' lang='lat' dir='ltr'>[Sergii]</span> <span class='ocrx_word' id='word_1_141' title='bbox 991 1617 1150 1667; x_wconf 82' lang='lat' dir='ltr'>explan.</span> <span class='ocrx_word' id='word_1_142' title='bbox 1189 1630 1227 1666; x_wconf 84' lang='lat' dir='ltr'>p.</span> <span class='ocrx_word' id='word_1_143' title='bbox 1266 1617 1343 1654; x_wconf 76' lang='lat'>509</span> <span class='ocrx_word' id='word_1_144' title='bbox 1381 1630 1438 1666; x_wconf 87' lang='lat' dir='ltr'>sq.</span> <span class='ocrx_word' id='word_1_145' title='bbox 1469 1617 1520 1653; x_wconf 92' lang='lat' dir='ltr'>K.</span> 
     </span>
     <span class='ocr_line' id='line_1_20' title="bbox 245 1689 1523 1743; baseline 0.001 -14"><span class='ocrx_word' id='word_1_146' title='bbox 245 1691 387 1742; x_wconf 90' lang='lat' dir='ltr'>Pomp.</span> <span class='ocrx_word' id='word_1_147' title='bbox 426 1704 464 1742; x_wconf 89' lang='lat' dir='ltr'>p.</span> <span class='ocrx_word' id='word_1_148' title='bbox 505 1691 582 1730; x_wconf 82' lang='lat'>252</span> <span class='ocrx_word' id='word_1_149' title='bbox 612 1705 698 1742; x_wconf 90' lang='lat' dir='ltr'>sqq.</span> <span class='ocrx_word' id='word_1_150' title='bbox 728 1691 781 1730; x_wconf 92' lang='lat' dir='ltr'>K.</span> <span class='ocrx_word' id='word_1_151' title='bbox 813 1689 979 1730; x_wconf 84' lang='lat' dir='ltr'>Cledon.</span> <span class='ocrx_word' id='word_1_152' title='bbox 1010 1705 1048 1743; x_wconf 91' lang='lat' dir='ltr'>p.</span> <span class='ocrx_word' id='word_1_153' title='bbox 1080 1691 1130 1730; x_wconf 89' lang='grc'>22</span> <span class='ocrx_word' id='word_1_154' title='bbox 1159 1692 1224 1741; x_wconf 67' lang='lat' dir='ltr'>K„</span> <span class='ocrx_word' id='word_1_155' title='bbox 1270 1691 1340 1742; x_wconf 91' lang='lat' dir='ltr'>qui</span> <span class='ocrx_word' id='word_1_156' title='bbox 1383 1704 1523 1730; x_wconf 81' lang='lat' dir='ltr'>omnes</span> 
     </span>
     <span class='ocr_line' id='line_1_21' title="bbox 244 1758 1523 1817; baseline 0.001 -14"><span class='ocrx_word' id='word_1_157' title='bbox 244 1766 326 1803; x_wconf 90' lang='lat' dir='ltr'>loci</span> <span class='ocrx_word' id='word_1_158' title='bbox 355 1764 404 1803; x_wconf 89' lang='lat' dir='ltr'>de</span> <span class='ocrx_word' id='word_1_159' title='bbox 441 1764 732 1817; x_wconf 79' lang='lat' dir='ltr'>adverbiorum</span> <span class='ocrx_word' id='word_1_160' title='bbox 773 1758 1080 1805; x_wconf 84' lang='lat' dir='ltr'>constructione</span> <span class='ocrx_word' id='word_1_161' title='bbox 1123 1780 1216 1804; x_wconf 92' lang='lat' dir='ltr'>cum</span> <span class='ocrx_word' id='word_1_162' title='bbox 1259 1765 1310 1804; x_wconf 91' lang='lat' dir='ltr'>ad</span> <span class='ocrx_word' id='word_1_163' title='bbox 1351 1766 1523 1804; x_wconf 88' lang='lat' dir='ltr'>verbum</span> 
     </span>
     <span class='ocr_line' id='line_1_22' title="bbox 244 1840 1523 1891; baseline 0 -12"><span class='ocrx_word' id='word_1_164' title='bbox 244 1840 331 1879; x_wconf 87' lang='lat' dir='ltr'>fere</span> <span class='ocrx_word' id='word_1_165' title='bbox 372 1840 634 1879; x_wconf 85' lang='lat' dir='ltr'>consentiant</span> <span class='ocrx_word' id='word_1_166' title='bbox 674 1841 844 1891; x_wconf 77' lang='lat' dir='ltr'>faciunt,</span> <span class='ocrx_word' id='word_1_167' title='bbox 890 1845 936 1880; x_wconf 88' lang='lat' dir='ltr'>ut</span> <span class='ocrx_word' id='word_1_168' title='bbox 979 1854 1119 1880; x_wconf 90' lang='lat' dir='ltr'>omnes</span> <span class='ocrx_word' id='word_1_169' title='bbox 1163 1855 1212 1879; x_wconf 82' lang='lat' dir='ltr'>ex</span> <span class='ocrx_word' id='word_1_170' title='bbox 1240 1841 1394 1880; x_wconf 84' lang='lat' dir='ltr'>Donati</span> <span class='ocrx_word' id='word_1_171' title='bbox 1423 1840 1523 1879; x_wconf 83' lang='lat' dir='ltr'>artis</span> 
     </span>
     <span class='ocr_line' id='line_1_23' title="bbox 244 1915 1351 1967; baseline 0.001 -14"><span class='ocrx_word' id='word_1_172' title='bbox 244 1920 361 1966; x_wconf 88' lang='lat' dir='ltr'>parte</span> <span class='ocrx_word' id='word_1_173' title='bbox 391 1915 567 1966; x_wconf 90' lang='lat' dir='ltr'>quadam</span> <span class='ocrx_word' id='word_1_174' title='bbox 596 1916 745 1954; x_wconf 87' lang='lat' dir='ltr'>amissa</span> <span class='ocrx_word' id='word_1_175' title='bbox 772 1916 941 1954; x_wconf 79' lang='lat' dir='ltr'>hauStos</span> <span class='ocrx_word' id='word_1_176' title='bbox 971 1930 1058 1954; x_wconf 88' lang='lat' dir='ltr'>esse</span> <span class='ocrx_word' id='word_1_177' title='bbox 1087 1917 1351 1967; x_wconf 87' lang='lat' dir='ltr'>suspicemur.</span> 
     </span>
    </p>

    <p class='ocr_par' dir='ltr' id='par_1_10' title="bbox 245 1989 1524 2118">
     <span class='ocr_line' id='line_1_24' title="bbox 373 1989 1524 2043; baseline 0 -13"><span class='ocrx_word' id='word_1_178' title='bbox 373 1989 455 2031; x_wconf 86' lang='lat' dir='ltr'>Sed</span> <span class='ocrx_word' id='word_1_179' title='bbox 482 1991 578 2030; x_wconf 91' lang='lat' dir='ltr'>nolo</span> <span class='ocrx_word' id='word_1_180' title='bbox 608 1991 794 2043; x_wconf 84' lang='lat' dir='ltr'>exempla</span> <span class='ocrx_word' id='word_1_181' title='bbox 835 1991 1054 2042; x_wconf 87' lang='lat' dir='ltr'>cumulare,</span> <span class='ocrx_word' id='word_1_182' title='bbox 1099 2005 1193 2031; x_wconf 92' lang='lat' dir='ltr'>cum</span> <span class='ocrx_word' id='word_1_183' title='bbox 1235 1991 1365 2030; x_wconf 87' lang='lat' dir='ltr'>multa</span> <span class='ocrx_word' id='word_1_184' title='bbox 1401 1990 1524 2030; x_wconf 88' lang='lat' dir='ltr'>huius</span> 
     </span>
     <span class='ocr_line' id='line_1_25' title="bbox 245 2065 1439 2118; baseline 0.001 -15"><span class='ocrx_word' id='word_1_185' title='bbox 245 2067 408 2116; x_wconf 88' lang='lat' dir='ltr'>generis</span> <span class='ocrx_word' id='word_1_186' title='bbox 436 2067 525 2118; x_wconf 87' lang='lat' dir='ltr'>ipsa</span> <span class='ocrx_word' id='word_1_187' title='bbox 554 2067 741 2118; x_wconf 79' lang='lat' dir='ltr'>opusculi</span> <span class='ocrx_word' id='word_1_188' title='bbox 769 2067 902 2105; x_wconf 86' lang='lat' dir='ltr'>nostri</span> <span class='ocrx_word' id='word_1_189' title='bbox 929 2068 1043 2118; x_wconf 89' lang='lat' dir='ltr'>prior</span> <span class='ocrx_word' id='word_1_190' title='bbox 1070 2080 1164 2118; x_wconf 86' lang='lat' dir='ltr'>pars</span> <span class='ocrx_word' id='word_1_191' title='bbox 1193 2065 1439 2118; x_wconf 86' lang='lat' dir='ltr'>suppeditet.</span> 
     </span>
    </p>

    <p class='ocr_par' dir='ltr' id='par_1_11' title="bbox 244 2142 1525 2499">
     <span class='ocr_line' id='line_1_26' title="bbox 372 2142 1523 2193; baseline 0 -13"><span class='ocrx_word' id='word_1_192' title='bbox 372 2142 435 2180; x_wconf 89' lang='lat' dir='ltr'>De</span> <span class='ocrx_word' id='word_1_193' title='bbox 463 2142 700 2181; x_wconf 88' lang='lat' dir='ltr'>auctoribus</span> <span class='ocrx_word' id='word_1_194' title='bbox 729 2142 878 2193; x_wconf 87' lang='lat' dir='ltr'>quibus</span> <span class='ocrx_word' id='word_1_195' title='bbox 906 2143 1095 2181; x_wconf 83' lang='lat' dir='ltr'>Donatus</span> <span class='ocrx_word' id='word_1_196' title='bbox 1137 2142 1181 2180; x_wconf 90' lang='lat' dir='ltr'>in</span> <span class='ocrx_word' id='word_1_197' title='bbox 1225 2142 1382 2180; x_wconf 86' lang='lat' dir='ltr'>artibus</span> <span class='ocrx_word' id='word_1_198' title='bbox 1424 2142 1523 2180; x_wconf 85' lang='lat' dir='ltr'>scri-</span> 
     </span>
     <span class='ocr_line' id='line_1_27' title="bbox 244 2215 1525 2267; baseline 0 -13"><span class='ocrx_word' id='word_1_199' title='bbox 244 2215 390 2254; x_wconf 89' lang='lat' dir='ltr'>bendis</span> <span class='ocrx_word' id='word_1_200' title='bbox 423 2230 521 2254; x_wconf 90' lang='lat' dir='ltr'>usus</span> <span class='ocrx_word' id='word_1_201' title='bbox 549 2217 604 2254; x_wconf 87' lang='lat' dir='ltr'>sit</span> <span class='ocrx_word' id='word_1_202' title='bbox 630 2221 799 2267; x_wconf 89' lang='lat' dir='ltr'>propter</span> <span class='ocrx_word' id='word_1_203' title='bbox 826 2217 958 2267; x_wconf 90' lang='lat' dir='ltr'>ipsam</span> <span class='ocrx_word' id='word_1_204' title='bbox 985 2221 1176 2254; x_wconf 86' lang='lat' dir='ltr'>naturam</span> <span class='ocrx_word' id='word_1_205' title='bbox 1204 2216 1302 2254; x_wconf 88' lang='lat' dir='ltr'>libri</span> <span class='ocrx_word' id='word_1_206' title='bbox 1331 2217 1381 2255; x_wconf 92' lang='lat' dir='ltr'>ab</span> <span class='ocrx_word' id='word_1_207' title='bbox 1412 2217 1525 2267; x_wconf 84' lang='lat' dir='ltr'>omni</span> 
     </span>
     <span class='ocr_line' id='line_1_28' title="bbox 246 2289 1523 2344; baseline 0.001 -14"><span class='ocrx_word' id='word_1_208' title='bbox 246 2289 457 2330; x_wconf 83' lang='lat' dir='ltr'>doctrinae</span> <span class='ocrx_word' id='word_1_209' title='bbox 487 2292 621 2344; x_wconf 89' lang='lat' dir='ltr'>specie</span> <span class='ocrx_word' id='word_1_210' title='bbox 649 2291 798 2331; x_wconf 88' lang='lat' dir='ltr'>remoti</span> <span class='ocrx_word' id='word_1_211' title='bbox 826 2305 1074 2343; x_wconf 90' lang='lat' dir='ltr'>quamquam</span> <span class='ocrx_word' id='word_1_212' title='bbox 1110 2291 1216 2333; x_wconf 89' lang='lat' dir='ltr'>nihil</span> <span class='ocrx_word' id='word_1_213' title='bbox 1245 2296 1432 2331; x_wconf 87' lang='lat' dir='ltr'>constare</span> <span class='ocrx_word' id='word_1_214' title='bbox 1460 2306 1523 2331; x_wconf 88' lang='lat' dir='ltr'>ar-</span> 
     </span>
     <span class='ocr_line' id='line_1_29' title="bbox 245 2366 1525 2419; baseline 0.004 -14"><span class='ocrx_word' id='word_1_215' title='bbox 245 2367 424 2405; x_wconf 75' lang='lat' dir='ltr'>bitratur</span> <span class='ocrx_word' id='word_1_216' title='bbox 450 2367 614 2419; x_wconf 72' lang='lat' dir='ltr'>Keilius</span> <span class='ocrx_word' id='word_1_217' title='bbox 645 2368 685 2416; x_wconf 88' lang='lat' dir='ltr'>(l.</span> <span class='ocrx_word' id='word_1_218' title='bbox 715 2368 769 2416; x_wconf 83' lang='grc'>1.),</span> <span class='ocrx_word' id='word_1_219' title='bbox 815 2371 954 2408; x_wconf 74' lang='lat' dir='ltr'>tamen</span> <span class='ocrx_word' id='word_1_220' title='bbox 995 2380 1069 2411; x_wconf 75' lang='lat' dir='ltr'>nos</span> <span class='ocrx_word' id='word_1_221' title='bbox 1098 2367 1162 2412; x_wconf 69' lang='lat' dir='ltr'>his</span> <span class='ocrx_word' id='word_1_222' title='bbox 1192 2366 1525 2412; x_wconf 69' lang='lat' dir='ltr'>doctissimorum</span> 
     </span>
     <span class='ocr_line' id='line_1_30' title="bbox 245 2441 800 2499; baseline -0.004 -17"><span class='ocrx_word' id='word_1_223' title='bbox 245 2443 432 2486; x_wconf 80' lang='lat' dir='ltr'>virorum</span> <span class='ocrx_word' id='word_1_224' title='bbox 460 2442 624 2499; x_wconf 83' lang='lat' dir='ltr'>scriptis</span> <span class='ocrx_word' id='word_1_225' title='bbox 653 2441 800 2487; x_wconf 70' lang='lat' dir='ltr'>adiuti:</span> 
     </span>
    </p>
   </div>
  </div>
 </body>
</html>
