1874 2917
812 195 1051 238 -58—

415 346 588 387 Lersch:
619 346 1042 400 Sprachphilosophie
1072 346 1144 387 der
1172 348 1299 388 Alten
1328 352 1404 388 etc.

414 423 460 460 F.
492 422 654 460 Osann:
685 422 885 472 Beitrage
915 427 991 461 etc.
1480 446 1482 449 v

414 497 463 536 A.
509 497 790 537 Graefenhan:
848 498 1098 537 Geschichte
1145 497 1217 537 der
1263 499 1379 537 class.
1430 499 1574 538 Philo-

543 572 655 623 logie
685 576 760 611 etc.

414 648 466 685 H.
497 648 761 686 Kummrow:
792 648 982 699 symbola
1011 649 1164 698 critica,
1197 648 1431 688 dissertatio
1458 649 1575 688 inau—

544 722 711 773 guralis.
771 721 1021 761 Greifswald
1053 723 1167 762 1840.
1225 722 1282 762 4⁰.

286 797 392 835 hanc
423 797 467 835 in
497 798 782 848 quaestionem
811 798 900 836 ausi
930 811 1071 836 sumus
1099 799 1222 849 paulo
1252 799 1484 838 accuratius
1513 798 1575 838 in-

286 872 460 923 quirere.
1350 922 1352 925 Ι

413 947 627 985 Donatum
657 948 843 985 omnium
872 951 1088 986 auctorum
1113 948 1480 998 grammaticorum
1508 961 1572 986 so-

284 1022 370 1061 lum
413 1021 594 1061 fontium
636 1035 805 1061 suorum
841 1023 1011 1061 nomina
1048 1026 1286 1062 constanter
1322 1023 1495 1062 reticere
1524 1037 1574 1063 ex

283 1098 421 1149 priore
449 1097 585 1149 operis
613 1097 747 1136 nostri
774 1097 978 1149 particula
997 1097 1292 1148 intellegimus.
1345 1099 1458 1145 Quae
1479 1112 1574 1137 cum

284 1172 343 1211 ita
371 1173 466 1222 sint,
498 1171 794 1211 difficillimum
823 1187 910 1211 esse
939 1171 1107 1212 videtur
1135 1171 1372 1223 diiudicare,
1405 1173 1573 1225 quibus-

284 1260 380 1285 nam
409 1248 671 1300 potissimum
702 1262 751 1285 ex
780 1248 968 1286 fontibus
997 1248 1185 1286 hortulos
1205 1261 1301 1286 suos
1321 1248 1570 1299 irrigaverit,

286 1336 389 1374 quos
418 1336 502 1361 non
531 1323 651 1361 aliter
679 1323 761 1361 nisi
790 1337 840 1361 ex
869 1323 1026 1361 artibus
1057 1323 1144 1361 eius
1174 1326 1367 1376 excerpta
1385 1337 1479 1361 cum
1499 1323 1573 1362 ali-

287 1411 404 1436 orum
434 1398 800 1448 grammaticorum
825 1398 1051 1436 latinorum
1071 1397 1275 1451 excerptis
1295 1396 1347 1436 ad
1366 1397 1574 1449 syntaxim

285 1473 459 1511 latinam
496 1473 801 1526 pertinentibus
838 1472 1115 1526 comparando
1148 1473 1402 1524 investigare
1430 1470 1591 1526 possu?

286 1562 387 1586 mus.
446 1549 537 1586 Hoc
568 1553 706 1586 autem
734 1549 778 1587 in
808 1547 1055 1586 elaborando
1086 1548 1242 1601 optime
1270 1561 1346 1586 nos
1375 1546 1575 1586 adiuvant

285 1623 577 1662 annotationes
605 1628 782 1673 nostrae,
814 1636 915 1675 quas
943 1624 987 1662 in
1013 1624 1161 1676 prioris
1180 1623 1368 1662 fasciculi
1388 1623 1575 1674 margine

284 1698 470 1746 fecimus,
503 1703 550 1736 ut
578 1699 691 1736 locos
721 1698 812 1736 aliis
842 1698 997 1736 similes
1026 1711 1450 1736 commemoraremus.

414 1773 524 1820 Quas
554 1773 843 1811 annotationes
872 1773 907 1811 si
946 1773 1084 1826 paullo
1115 1771 1359 1823 diligentius
1396 1771 1572 1826 perlegi-

285 1862 387 1897 mus,
419 1848 548 1886 mirus
578 1852 619 1886 et
647 1862 741 1886 cum
770 1846 970 1886 Diomede
999 1853 1040 1885 et
1069 1861 1163 1885 cum
1193 1847 1380 1886 Charisio
1410 1851 1451 1885 et
1479 1860 1574 1885 cum

284 1922 485 1960 Dositheo
515 1936 737 1961 consensus
766 1922 885 1960 nobis
915 1923 1104 1971 occurrit,
1144 1922 1215 1974 qui
1243 1926 1384 1960 tantus
1413 1925 1475 1960 est
1502 1935 1575 1974 per

284 1997 526 2036 universum
561 1997 648 2036 fere
684 1997 848 2046 librum,
894 2004 941 2035 ut
982 1998 1124 2036 multis
1168 1997 1269 2035 locis
1312 2010 1397 2035 non
1439 1997 1573 2035 solum

285 2071 454 2111 eaedem
482 2086 547 2111 res
576 2071 804 2121 tradantur,
836 2071 907 2110 sed
936 2072 1062 2111 etiam
1092 2072 1219 2111 verba
1239 2072 1376 2111 verbis
1404 2085 1571 2125 respon-

285 2146 420 2187 deant.
478 2148 539 2187 Ac
569 2148 749 2202 primum
780 2146 946 2199 quidem
975 2151 1047 2186 tuo
1068 2148 1158 2186 iure
1179 2160 1247 2186 eos
1267 2147 1569 2199 grammaticos,

284 2237 379 2271 cum
421 2224 559 2276 paullo
602 2223 799 2261 inferiore
836 2227 970 2260 aetate
1009 2236 1131 2274 quam
1160 2223 1349 2260 Donatus
1378 2222 1569 2271 vixerint,

285 2312 334 2336 ex
377 2298 533 2336 Donati
580 2297 739 2336 artibus
787 2297 972 2335 hausisse
1019 2297 1210 2335 conicias.
1267 2297 1386 2335 Hanc
1434 2301 1572 2335 autem

285 2373 567 2411 coniecturam
610 2372 797 2425 exempla
840 2385 943 2423 quae
985 2372 1095 2410 infra
1142 2370 1340 2421 dabimus,
1390 2371 1571 2409 refutare

285 2462 381 2492 mox
424 2448 725 2503 intellegemus,
771 2447 868 2501 quia
904 2447 1151 2503 posteriores
1180 2447 1345 2488 Donato
1383 2450 1570 2486 auctores
