1874 2917
863 187 1101 226 -36-

340 349 436 375 011111
465 336 519 374 sit
547 334 729 387 timidus,
775 341 816 376 et
844 336 1075 376 timendum
1104 337 1324 389 significat.
1380 352 1474 378 cum
1517 340 1626 379 enim

340 412 481 462 exigat
509 412 626 461 ratiO,
657 416 705 450 ut
730 412 899 450 nomina
929 412 1112 451 verbalia
1141 414 1303 463 agentis
1332 414 1512 453 habeant
1540 415 1622 466 sig-

338 487 632 537 nificationem,
691 500 765 539 pro
818 488 983 539 passiva
1030 488 1336 538 significatione
1383 490 1625 542 plerumque

337 566 561 613 ponuntur.

466 637 515 676 A.
538 639 606 676 lV.
628 638 718 677 403.
761 634 889 688 „cum
917 638 1146 690 populant“
1175 639 1345 690 antique
1374 638 1496 678 dixit:
1525 654 1622 680 nam

336 712 414 751 hoc
443 713 617 751 verbum
646 712 755 764 apud
783 717 945 752 veteres
974 713 1158 752 activum
1187 713 1278 763 fuit,
1319 728 1429 752 1111110
1459 719 1621 754 tantum

337 786 547 839 deponens
576 792 648 826 est.

404 895 407 900 .
466 864 514 901 Gr.
538 865 566 901 l.
592 864 678 901 184.
727 867 904 901 veteres:
934 864 1088 914 populo
1118 876 1288 901 munero
1319 877 1479 915 aucupo
1509 866 1621 903 lucto

335 936 538 987 dicebant,
569 951 646 975 nos
675 936 814 975 addita
842 952 862 975 r
889 938 1010 975 litera
1039 938 1414 990 pronunciamus.*)

465 1014 513 1051 G.
535 1014 566 1051 Ι.
590 1014 677 1051 193.
722 1012 980 1062 „medicare“
1001 1013 1169 1063 antique
1190 1011 1311 1050 dixit:
1333 1027 1429 1051 nam
1445 1015 1619 1053 maiores

334 1087 494 1127 medico
525 1091 566 1126 et
594 1086 776 1126 medicor
811 1086 1013 1147 dicebant,
1058 1091 1105 1126 ut
1147 1088 1300 1139 populo
1345 1093 1386 1126 et
1427 1091 1618 1141 populor:

335 1177 439 1215 quae
474 1163 600 1202 verba
635 1161 757 1201 modo
801 1163 850 1201 ab
894 1167 1069 1213 utraque
1112 1163 1416 1214 significatione
1458 1169 1620 1203 tantum

333 1239 521 1290 passivae
564 1243 661 1277 sunt
690 1237 989 1276 declinationis.
1048 1237 1129 1277 Sed
1157 1243 1205 1277 ut
1233 1238 1437 1277 medicare
1466 1239 1620 1279 diceret

333 1327 407 1365 pro
437 1312 645 1362 medicari,
677 1313 798 1351 metri
826 1313 1050 1351 necessitas
1079 1313 1190 1351 fecit.

463 1390 511 1428 Gr.
529 1390 604 1428 III.
623 1389 719 1443 314.
751 1389 882 1427 Pasco
904 1392 945 1427 et
963 1401 1110 1440 pascor
1128 1388 1243 1427 illam
1262 1402 1348 1426 rem
1370 1387 1617 1441 dicimus.'¹‘⁵*‘)

461 1465 509 1502 A.
542 1465 635 1503 VII.
667 1465 756 1502 273.
816 1465 1030 1514 „auguro“
1061 1463 1236 1502 dicimus
1267 1463 1495 1503 secundum
1527 1466 1618 1504 Pli-

330 1540 458 1589 nium,
505 1553 599 1577 cum
626 1539 842 1591 praesagio
873 1539 1024 1577 mentis
1052 1538 1194 1577 futura
1222 1539 1474 1589 colligimus3
1519 1554 1616 1590 „au-

330 1616 484 1665 guror“
513 1628 611 1652 vero
632 1619 731 1652 tunc
753 1628 847 1652 cum
866 1614 1009 1651 futura
1028 1614 1137 1651 veris
1157 1617 1371 1664 captamus
1392 1615 1617 1664 auguriis.“

458 1690 507 1729 A.
539 1691 614 1728 XI.
647 1690 736 1728 660.
785 1689 1013 1727 Bellantur.
1063 1702 1137 1740 pro
1168 1689 1395 1739 „bellant“:
1426 1703 1522 1727 nam
1552 1704 1615 1729 so-

329 1766 418 1804 lent
445 1766 573 1804 verba
601 1778 675 1816 pro
706 1764 842 1804 verbis
870 1764 987 1816 poni:
1030 1762 1140 1802 unde
1169 1777 1280 1802 nunc
1309 1764 1516 1815 passivam
1546 1764 1614 1803 de-

328 1842 596 1880 clinationem
625 1840 700 1879 sub
731 1840 869 1879 activa
901 1840 1042 1891 posuit
1071 1839 1397 1890 significatione:
1436 1840 1544 1879 sicut
1571 1841 1615 1879 in

327 1918 534 1969 georgicis
567 1918 632 1968 (ΙΙ.
662 1917 776 1965 425):
808 1920 849 1953 et
877 1913 1083 1966 placidam
1111 1915 1203 1966 paci
1231 1915 1413 1953 nutritor
1442 1916 1612 1954 olivam:

326 1992 516 2031 futurum
552 1995 716 2044 tempus
751 2005 774 2029 a
807 1991 972 2042 passivo
1014 1990 1154 2041 posuit
1195 2003 1270 2040 pro
1313 1991 1520 2040 praesenti
1562 1992 1612 2029 ab

325 2068 482 2106 activo:
513 2080 611 2104 nam
639 2066 873 2115 „nutritor“
901 2078 976 2116 pro
1006 2065 1172 2113 „nutri“
1201 2065 1350 2115 posuit.
1409 2065 1477 2103 Sic
1503 2065 1613 2117 apud

326 2142 569 2181 Ciceronem
600 2142 658 2190 (in
688 2140 838 2178 officiis
868 2141 896 2178 1.
928 2141 1014 2183 25ss
1054 2140 1198 2189 Neque
1227 2137 1278 2177 ad
1308 2139 1405 2188 eius,
1438 2140 1507 2190 qui
1535 2154 1610 2191 pu-

324 2217 438 2254 nitur
459 2216 650 2266 aliquem,
683 2221 754 2253 aut
773 2215 911 2254 verbis
933 2215 1120 2264 castigat,
1153 2212 1224 2252 sed
1253 2212 1305 2251 ad
1333 2214 1392 2251 rei
1421 2214 1610 2264 publicae

322 2291 549 2330 utilitatem
577 2289 735 2329 referri.
792 2290 974 2329 Punitur
992 2302 1066 2341 pro
1088 2289 1225 2340 punit:
1256 2286 1365 2327 unde
1386 2292 1448 2326 est
1468 2302 1488 2326 e
1509 2302 1605 2327 con-

451 2398 482 2439 ὕ)
509 2399 550 2430 cf.
576 2399 666 2430 Serv.
691 2399 733 2430 ad
757 2399 843 2430 Aen.
868 2398 948 2431 XII.
971 2396 1059 2439 263).

450 2452 505 2494 Ἠ)
530 2453 571 2484 ef.
596 2453 701 2485 Prisc.
726 2454 804 2484 inst.
829 2455 999 2494 grammat.
1024 2452 1081 2484 lib.
1105 2451 1239 2484 XVIII.
1264 2450 1283 2493 ξ
1310 2451 1378 2484 193.
