1874 2917
800 179 1036 219 ,73-

409 330 580 368 Flavius
610 330 742 381 Caper
776 330 847 381 qui
881 328 1142 368 doctissimus
1179 329 1440 380 antiquitatis
1468 342 1559 381 per-

282 409 487 444 scrutator
522 405 759 457 saepissime
794 404 986 444 laudatur
1021 415 1104 444 una
1139 418 1233 444 cum
1261 404 1449 454 Probo,*)
1493 405 1560 443 cui

282 480 429 519 similis
467 484 648 532 apparet,
694 494 788 519 cum
824 479 874 519 de
910 480 1205 520 vocabulorum
1234 481 1300 519 vel
1336 480 1560 519 sententia·

283 569 376 595 rum
403 556 448 595 vi
476 559 599 607 atque
627 556 929 607 significatione
956 569 1157 607 nusquam
1179 555 1417 595 disseruisse
1445 554 1560 594 vide-

286 634 389 679 atur,
434 630 515 668 nisi
551 631 623 669 ubi
658 630 711 669 ad
745 635 905 669 textum
938 631 1005 669 vel
1039 629 1339 685 emendandum
1367 630 1435 668 vel
1463 642 1560 667 con-

282 703 540 742 stituendum
595 706 663 743 vel
717 704 1056 754 distinguendum
1101 718 1204 755 opus
1260 709 1376 753 esset,
1432 704 1560 741 libros

286 778 490 818 enucleati
536 779 701 832 scripsit
747 779 946 818 sermonis
999 779 1085 818 sive
1132 777 1181 817 de
1235 779 1451 828 latinitate,
1510 776 1560 817 de

281 854 588 903 praepositione
643 856 756 902 „ex“,
815 852 864 890 de
911 852 1035 891 dubio
1082 867 1232 903 genere
1279 857 1402 903 atque
1449 865 1559 890 com-

281 931 582 967 mentatus-est
611 928 861 978 Ciceronem,
897 928 1104 978 Plautum,
1149 927 1192 967 id
1221 926 1331 980 quod
1360 927 1558 967 Graefen-

281 1003 429 1041 hanius
470 1003 676 1054 negatffff)
718 1004 957 1042 Terentium
985 1004 1217 1054 Vergilium
1260 1004 1437 1042 comicos
1480 1016 1560 1053 qua

283 1077 328 1116 in
356 1091 400 1116 re
429 1082 470 1117 et
490 1077 819 1117 Graefenhanius
849 1082 890 1117 et
914 1078 1179 1129 Suringarius
1209 1079 1277 1127 (II.
1308 1092 1345 1130 p.
1377 1078 1454 1116 217
1484 1080 1558 1129 sq.)

284 1156 327 1190 et
354 1153 610 1204 Schopenius
639 1157 680 1190 et
707 1153 961 1190 Ritschelius
992 1154 1165 1203 (parerg.
1187 1154 1321 1190 Plaut.
1352 1154 1383 1190 Ι.
1413 1166 1451 1204 p.
1481 1153 1558 1190 361

284 1241 341 1278 sq.
372 1227 639 1266 vehementer
668 1241 801 1266 errare
829 1227 1107 1266 Ribbeckium
1134 1232 1293 1279 putant,
1336 1240 1438 1278 quae
1467 1240 1560 1265 cum

286 1300 511 1338 diiudicare
565 1314 650 1338 non
704 1302 908 1351 possimus
964 1301 1128 1338 silentio
1175 1301 1396 1351 praeterire
1441 1300 1560 1338 nobis

281 1374 415 1414 liceat.

410 1466 570 1499 Urbani
605 1470 717 1499 aetas
752 1466 891 1513 paullo
928 1465 1080 1502 certius
1115 1464 1277 1498 definiri
1313 1466 1449 1521 potest
1477 1463 1559 1499 col-

282 1551 379 1586 latis
408 1553 544 1587 Servii
573 1552 623 1585 ad
651 1555 753 1586 Aen.
775 1556 824 1586 V.
856 1556 934 1584 517
972 1559 1014 1584 et
1046 1555 1289 1583 scholiastae
1314 1553 1561 1583 Veronensis

283 1612 335 1645 ad
381 1612 564 1647 eiusdem
609 1612 806 1647 Aeneidis
852 1613 943 1647 libr.
992 1624 1029 1647 v.
1078 1612 1157 1647 488
1212 1610 1558 1646 adnotationibus.

282 1682 539 1733 Ribbeckius
566 1701 604 1744 p.
638 1686 713 1732 167
743 1686 926 1732 Cornuto
963 1686 1167 1732 iuniorem
1200 1688 1393 1742 Longum
1426 1693 1560 1730 aetate

283 1766 549 1801 antecessisse
591 1771 711 1811 putat
747 1766 973 1801 Urbanum.
1031 1766 1095 1799 Ex
1137 1765 1380 1809 fragmentis
1409 1769 1556 1806 autem,

283 1844 387 1882 quae
431 1845 480 1869 ex
524 1833 668 1871 Servio
712 1833 861 1870 collata
904 1833 1170 1883 Suringarius
1213 1834 1260 1870 ll.
1296 1846 1334 1883 p.
1368 1833 1444 1870 190
1472 1846 1557 1882 sqq.

282 1911 492 1956 memorat,
525 1911 695 1959 apparet
714 1908 930 1947 Urbanum
958 1908 1001 1945 in
1025 1908 1334 1946 “commentariis
1354 1907 1438 1945 suis
1458 1908 1558 1945 Ver-

282 1982 449 2032 gilianis
492 1984 711 2034 praecipue
739 1984 1051 2033 grammaticam
1080 1988 1284 2034 spectasse
1312 1983 1558 2032 interpreta-

283 2055 449 2090 tionem.
507 2056 627 2091 Licet
654 2068 752 2091 vero
781 2056 981 2103 suspicari
1008 2056 1133 2091 istum
1155 2059 1196 2090 et
1215 2055 1400 2090 criticam
1421 2067 1558 2089 emen-

281 2122 490 2160 dationem
519 2124 686 2160 omnino
715 2137 799 2161 non
827 2125 1067 2173 neglexisse.

336 2273 438 2349 Ἰ(Χῖἶ)
464 2275 505 2307 cf.
530 2274 622 2307 Keil:
657 2276 760 2317 praef.
790 2276 831 2307 ad
860 2286 993 2316 gramm.
1024 2275 1116 2307 latin.
1140 2276 1202 2307 vol.
1227 2275 1288 2306 [v.
1313 2287 1344 2317 p.
1369 2275 1502 2307 xx'lss.
1527 2281 1558 2309 ct

280 2328 311 2358 p.
336 2340 347 2348 ⁴
407 2343 460 2407 ³⁶³⁶.)
486 2371 529 2400 A.
553 2370 777 2401 Graefcnhan:
812 2340 881 2401 lv.
909 2380 940 2409 1¹.
972 2372 1012 2400 δέ)
1045 2374 1078 2400 et
1108 2380 1139 2409 p.
1172 2371 1243 2400 299,
1291 2370 1411 2401 Clu-ist.
1445 2371 1558 2412 philol.

281 2410 342 2442 vol.
367 2411 501 2443 XVIII.
524 2421 555 2452 p.
583 2412 651 2443 168.
1114 2411 1118 2413 ’
