1874 2917
857 164 1095 208 -70-

336 323 662 358 commentatum
692 332 780 357 esse
806 319 984 358 Charisii
1009 333 1047 372 p.
1070 319 1217 369 216‚28
1235 319 1289 358 Κ.
1320 323 1362 358 et
1389 319 1624 358 Hieronimi

336 395 457 446 (apol.
481 408 502 432 e
521 394 661 433 Rufin.
692 395 724 432 I.
757 395 807 432 16
835 395 917 433 vol.
948 395 1002 433 II.
1032 408 1071 446 p.
1101 394 1181 432 472
1201 392 1262 432 ed.
1285 395 1476 444 Vallars.)
1505 395 1622 433 testi-

334 448 486 508 moniis
522 472 696 519 constat,
741 467 851 508 idem
880 469 925 508 in
953 469 1132 520 Vergilii
1160 469 1344 508 carmina
1372 474 1623 508 commenta-

334 544 419 583 rios
448 544 630 596 scripsit,
675 548 717 582 et
749 544 859 582 inter
891 544 1268 595 praestantissimos
1297 542 1464 595 quidem
1491 544 1624 583 bonae

336 619 485 658 aetatis
522 619 815 670 grammaticos
852 617 1089 658 habendum
1125 633 1219 658 eum
1257 633 1345 658 esse
1372 623 1494 672 putat
1520 619 1623 659 Rib-

335 695 507 734 beckius
536 709 575 747 p.
608 695 695 745 128,
742 695 895 747 quippe
937 708 1060 746 quem
1102 708 1197 733 cum
1225 695 1379 735 Scauro
1417 698 1459 733 et
1485 694 1623 733 Probo

337 774 561 823 componat
588 771 799 810 Ausonius
829 771 947 823 epist.
978 772 1127 810 XVIII.
1158 771 1210 810 26
1252 775 1293 809 et
1334 771 1378 809 in
1414 770 1542 823 praef.
1573 769 1625 809 ad

338 847 563 898 Syagrium
583 847 645 896 20,
678 845 852 898 grandia
881 847 1050 885 nomina
1077 845 1260 885 laudans.
1318 846 1511 885 Posuisse
1531 859 1626 884 eum

338 920 460 959 docet
495 922 687 972 Heynius
726 922 767 972 (1.
798 922 823 960 l.
861 935 898 973 p.
929 922 1026 972 475)
1068 922 1339 973 grammatica
1381 925 1423 959 et
1463 921 1626 973 poetica

339 997 558 1036 observata
585 997 654 1035 vel
688 1001 920 1049 praecepta,
965 997 1162 1035 subiectis
1197 1010 1272 1048 pro
1307 997 1493 1048 exemplo
1524 997 1625 1034 Ver-

339 1072 508 1123 gilianis
536 1073 675 1111 verbis
704 1073 771 1111 vel
799 1072 1028 1124 phrasibus·
1086 1073 1172 1111 Nec
1201 1071 1416 1111 indoctum
1435 1071 1626 1110 criticum

339 1150 381 1185 et
417 1148 688 1199 interpretem
726 1161 819 1186 eum
856 1148 985 1186 fuisse
1013 1146 1195 1199 produnt
1224 1151 1265 1185 et
1293 1152 1481 1186 veterum
1509 1147 1625 1185 testi-

338 1222 488 1272 monia,
521 1235 698 1274 quorum
726 1236 821 1261 cum
849 1223 974 1273 longe
1003 1223 1181 1260 maxima
1209 1236 1304 1274 pars
1329 1221 1378 1260 ad
1399 1221 1626 1261 Aeneidem

340 1302 509 1349 spectet,
554 1301 695 1337 tamen
728 1298 773 1336 in
805 1298 1007 1337 bucolicis
1037 1311 1201 1350 quoque
1230 1302 1272 1336 et
1300 1297 1506 1349 georgicis
1534 1311 1625 1336 ver-

341 1378 478 1412 satum
498 1387 591 1411 eum
612 1387 699 1412 esse
720 1372 880 1423 docent,
913 1377 954 1411 et
973 1373 1250 1412 recentiorum
1269 1371 1426 1423 iudicia,
1442 1372 1627 1411 virorum

340 1447 569 1499 doctorum,
602 1463 637 1487 ve
673 1449 822 1501 quibus
856 1463 986 1488 unum
1015 1449 1313 1488 Graefenhanii
1356 1449 1453 1498 (vol.
1484 1449 1556 1488 IV.
1586 1462 1624 1500 p.

342 1524 394 1563 75
424 1537 510 1576 sqq.
551 1529 593 1563 et
621 1525 700 1563 285
739 1527 854 1576 sqq.),
901 1524 973 1576 qui
1010 1538 1104 1563 eum
1147 1525 1629 1576 „Hauptrepraesentant

341 1598 414 1638 der
460 1600 647 1650 Exegese
700 1601 744 1637 in
795 1600 1131 1650 gegenwartiger
1176 1599 1379 1638 Periode“
1426 1600 1624 1649 nominat,

341 1674 488 1714 afferre
517 1674 710 1713 sufficiat.

470 1751 763 1789 Nobilissimus
806 1751 991 1789 omnium
1035 1755 1240 1802 quotquot
1267 1751 1445 1802 Vergilii
1481 1751 1627 1789 carmi-

340 1814 463 1864 nibus
506 1839 673 1877 operam
716 1824 918 1864 dederunt
954 1826 1320 1876 grammaticorum
1349 1826 1431 1864 fuit
1459 1826 1513 1864 M.
1545 1827 1626 1865 Va-

341 1901 469 1940 lerius
484 1901 646 1939 Probus
661 1901 869 1952 Berytius.
905 1901 964 1939 At
979 1914 1229 1952 quamquam
1243 1901 1324 1939 viri
1340 1899 1451 1939 docti
1466 1901 1628 1952 saepius

340 1975 427 2013 levi
455 1980 701 2026 argumento
730 1976 941 2025 faciunt,*)
980 1980 1036 2025 ut,
1076 1976 1111 2013 si
1148 1989 1294 2027 parum
1322 1976 1432 2013 inter
1460 1989 1503 2013 se
1531 1989 1627 2013 con-

341 2051 514 2089 veniant
544 2064 648 2102 quae
678 2049 728 2089 de
757 2051 932 2089 alicuius
952 2051 1165 2102 scriptoris
1185 2054 1319 2089 aetate
1338 2050 1450 2090 vitae
1469 2050 1629 2088 ratione

341 2124 550 2165 scribendi
592 2139 744 2176 genere
786 2125 1019 2176 traduntur,
1069 2125 1171 2165 duos
1218 2124 1402 2164 eiusdem
1447 2126 1628 2164 nominis

341 2201 564 2252 scriptores
593 2200 722 2240 fuisse
751 2199 1016 2251 contendant,
1060 2205 1200 2240 tamen
1236 2199 1346 2239 idem
1382 2200 1513 2250 nobis,
1557 2200 1629 2239 ubi

343 2275 393 2313 de
421 2277 559 2314 Probo
590 2281 915 2314 commentatore
949 2275 1218 2327 disputamuS,
1263 2274 1499 2315 faciendum
1542 2289 1629 2314 6886

470 2383 504 2421 ³⁶)
529 2384 702 2423 Suringar:
729 2384 770 2415 11.
796 2395 826 2425 1).
855 2384 891 2415 14
915 2395 985 2426 sqq.

472 2440 600 2469 Usann:
626 2438 669 2468 11.
695 2448 724 2476 1).
749 2438 812 2468 278
835 2449 906 2485 sqq.
935 2436 937 2439 ⁴
