1874 2917
783 159 1023 199 ...63-

265 310 558 361 magistrorum
579 310 722 361 stipati
748 315 845 348 sunt
863 310 1000 359 choro,
1032 310 1102 361 qui
1123 314 1165 348 et
1183 313 1480 348 recensuerunt
1507 313 1550 347 et

265 388 581 424 annotaverunt.
638 385 697 424 At
714 384 824 424 inter
844 385 1025 424 Terentii
1046 385 1330 437 interpretum,
1362 384 1434 436 qui
1453 388 1549 423 ante

264 461 476 499 Donatum
508 459 747 509 floruerunt,
790 473 1008 499 numerum
1044 459 1299 500 referuntur:
1354 459 1547 498 Valerius

264 534 426 573 Probus
471 534 680 585 Berytius,
729 534 932 573 Aemilius
978 534 1122 585 Asper,
1171 534 1373 572 Helenius
1419 533 1541 583 Acro,

243 589 489 647 ⁴Arruntius
518 608 671 657 Celsus,
716 621 891 659 quorum
925 608 1025 647 licet
1056 621 1227 647 numero
1255 607 1474 659 Nigidium
1505 613 1549 646 et

265 682 459 722 Flavium
469 683 649 735 Caprum
664 683 792 734 vulgo
809 681 1039 734 adiungant
1053 682 1231 735 insuper,
1250 696 1352 734 quos
1362 683 1547 723 Terentii

265 758 426 796 fabulas
455 762 754 795 commentatos
784 770 870 807 esse
891 757 1147 808 Schopenius
1176 770 1249 795 suo
1277 758 1366 795 iure
1393 771 1546 808 negare

264 832 385 872 nobis
427 831 603 872 videtur.
661 832 768 872 Nam
811 835 852 870 et
892 831 981 884 ipse
1015 832 1282 883 Suringarius
1310 833 1356 872 P.
1387 831 1547 884 Nigidii

265 908 418 957 Figuli,
455 920 536 958 quo
566 908 807 945 Ciceronem
835 907 881 944 in
909 906 1190 957 extinguenda
1218 907 1421 945 Catilinae
1450 920 1547 945 con-

265 982 471 1021 iuratione
508 982 619 1020 socio
657 986 698 1020 et
735 980 923 1020 adiutore
960 995 1153 1032 magnam
1196 982 1304 1020 inter
1339 983 1548 1035 Romanos

266 1060 535 1094 consecutum
564 1069 651 1094 esse
678 1056 858 1094 nominis
886 1055 1041 1094 famam
1059 1055 1309 1094 Plutarchus
1328 1056 1548 1096 memoriae

266 1130 459 1183 prodidit,
503 1145 655 1170 nomen
697 1132 806 1170 inter
847 1132 1040 1182 antiquos
1069 1131 1255 1170 Terentii
1290 1131 1546 1183 interpretes,

265 1205 447 1244 Fabricii
474 1206 519 1244 in
545 1205 643 1244 bibl.
674 1206 743 1244 lat.
765 1206 796 1244 I.
824 1219 861 1257 p.
884 1206 935 1244 49
965 1209 1006 1244 et
1032 1205 1214 1244 Harlesii
1242 1205 1287 1243 in
1314 1204 1465 1244 introd.
1497 1204 1550 1244 ad

265 1281 360 1319 Not.
391 1281 451 1319 lit.
482 1294 583 1319 rom.
612 1281 666 1319 Π.
697 1294 735 1331 p.
768 1281 856 1319 178.
914 1281 1161 1320 auctoritate
1189 1293 1275 1319 non
1303 1284 1544 1329 commotus,

265 1353 419 1393 referre
448 1353 667 1405 dubitavit,
699 1368 793 1393 cum
821 1355 936 1394 nulla
960 1368 1135 1407 usquam
1154 1368 1178 1393 a
1196 1354 1407 1394 veteribus
1426 1354 1549 1394 huius

264 1431 325 1468 rei
354 1431 510 1468 mentio
539 1430 622 1469 fiat.
673 1429 792 1477 Quod
811 1434 950 1468 autem
968 1432 1157 1469 Donatus
1176 1431 1221 1468 in
1241 1431 1548 1468 commentariis
1583 1425 1587 1429 ’

267 1505 351 1544 suis
381 1505 640 1544 Terentianis
669 1505 917 1556 aliquotiens
945 1503 1106 1556 Nigidii
1142 1519 1293 1556 nomeu
1329 1505 1374 1544 in
1411 1509 1549 1557 partes

266 1584 390 1619 vocat
419 1578 488 1631 (ad
515 1580 682 1619 Phorm.
713 1581 744 1619 Ι.
775 1580 857 1630 4,4;
901 1580 933 1619 I.
963 1581 1072 1630 4‚13;
1116 1581 1169 1620 H.
1200 1581 1288 1631 1‚3),
1332 1594 1409 1620 nos
1436 1581 1549 1620 locos

267 1667 409 1693 omnes
438 1653 499 1693 ad.
517 1653 677 1705 Nigidii
707 1656 1048 1693 commentarium
1076 1656 1402 1706 grammaticum,
1447 1668 1549 1706 opus

265 1729 491 1769 multorum
536 1729 747 1780 librorum,
798 1730 1031 1782 Suringarii
1077 1731 1255 1782 permoti
1302 1731 1549 1771 auctoritate

267 1808 452 1855 spectare
480 1787 703 1856 putamus(
752 1836 754 1838 .

397 1912 634 1950 Certissime
680 1911 845 1962 quidem
902 1917 1065 1950 constat
1109 1914 1321 1952 Valerium
1366 1913 1549 1951 Probum

267 1986 487 2038 Berytium
516 1985 736 2038 aliquando
766 1987 1083 2026 commentarios
1112 1987 1156 2026 in
1178 1987 1363 2026 Terentii
1387 1987 1549 2026 fabulas

268 2061 569 2112 conscripsisse,
615 2074 861 2112 quamquam
902 2063 1015 2100 nulla
1059 2067 1122 2100 est
1163 2067 1351 2101 veterum
1379 2062 1546 2111 mentio,

268 2149 372 2188 quae
391 2136 637 2176 nominatim
655 2137 757 2175 istos
773 2137 1090 2176 commentarios
1105 2138 1449 2188 commemorat.*)
1492 2137 1551 2176 At

247 2211 466 2261 Donatus,
513 2225 634 2264 quem
663 2216 797 2250 aetate
832 2213 1053 2250 antecessit
1080 2213 1253 2262 Probus,
1298 2213 1342 2251 in
1377 2212 1462 2251 suis
1499 2210 1551 2250 ad

268 2286 508 2326 Terentium
537 2287 842 2326 commentariis
871 2287 1024 2326 totiens
1043 2287 1172 2326 Probi
1191 2288 1440 2327 sententiam
1466 2301 1549 2327 mc-

397 2415 429 2460 ἐ)
454 2417 627 2459 Suringm·:
651 2417 676 2449 Ι.
701 2428 731 2461 p.
755 2417 796 2449 99
819 2427 889 2460 sqq.
