1874 2917
755 558 1025 639 Vita

379 793 513 832 Natus
549 805 640 831 sum
675 792 829 831 Paulus
857 790 1074 831 Eduardus
1109 793 1368 832 Rosenstock
1404 795 1532 845 Regi-

253 869 385 908 monti
414 867 450 905 d.
481 868 544 905 22.
575 867 726 905 mensis
754 867 945 906 ,Ianuarii
973 880 1006 904 a.
1040 868 1152 915 1862,
1190 872 1307 918 patre
1335 869 1530 920 Josepho,

255 956 373 995 quem
418 946 514 981 ante
556 941 737 992 quinque
779 954 908 980 annos
954 946 1215 993 praematura
1257 946 1389 981 morte
1432 944 1535 982 mihi

255 1022 442 1070 ereptum
461 1018 595 1067 lugeo,
622 1020 753 1054 matre
773 1016 965 1054 Carolina
985 1015 1033 1054 de
1053 1021 1177 1067 gente
1197 1017 1532 1056 Birnbaumiana.

256 1094 361 1132 Cum
388 1092 532 1144 primis
562 1091 774 1129 elementis
797 1091 1009 1129 literarum
1030 1089 1141 1129 domi
1161 1105 1183 1129 a
1202 1096 1332 1130 matre
1351 1092 1535 1131 imbutus

257 1181 397 1216 essem,
438 1169 596 1217 septem
630 1178 759 1203 annos
787 1169 909 1203 natus
938 1166 1202 1216 gymnasium
1232 1166 1536 1218 Cniphoviense

257 1241 350 1292 adii,
383 1239 493 1293 quod
520 1244 610 1279 tum
638 1240 781 1279 floruit
808 1240 1002 1291 auspiciis
1023 1240 1277 1279 Skrzeozkae
1303 1240 1534 1291 direct-oris:

256 1317 374 1357 brevi
393 1320 488 1368 post
507 1329 531 1354 a
549 1315 778 1367 Drygalski
797 1315 1003 1364 successit,
1034 1315 1100 1353 vir
1119 1314 1390 1366 doctissimus,
1421 1331 1537 1368 prae-

257 1397 400 1445 ceptor
419 1391 521 1431 mihi
542 1389 844 1441 dilectissimus,
867 1390 938 1442 qui
958 1388 1009 1429 ad
1028 1391 1291 1431 classicorum
1308 1391 1538 1432 studiorum

258 1481 440 1507 amorem
468 1481 533 1505 me
562 1465 744 1515 adduxit,
784 1470 832 1504 ut
865 1466 985 1504 initio
1020 1467 1118 1504 anni
1149 1468 1250 1505 1882
1289 1468 1539 1506 maturitatis

259 1542 544 1582 testimonium
580 1540 753 1593 adeptus
790 1541 834 1579 in
870 1541 977 1579 alma
1016 1541 1286 1581 universitate
1323 1543 1540 1582 Albertina

258 1618 512 1670 philologiae
541 1615 688 1655 studiis
717 1629 782 1654 me
811 1615 1011 1654 dederem.

388 1692 559 1732 Scholas
587 1690 850 1743 frequentavi
869 1690 1150 1743 professorum
1169 1692 1540 1732 illustrissimorum

260 1782 334 1821 per
361 1780 513 1806 novem
541 1767 773 1805 semestria:

479 1841 783 1894 Bezzenberger,
814 1840 946 1890 Dehio,
977 1840 1268 1892 Friedlaender‚
1299 1842 1539 1893 Hirschfeld,

480 1916 588 1970 Jeep,
617 1915 775 1966 Jordan,
804 1915 1008 1966 Ludwich,
1039 1916 1177 1966 Ruehl,
1209 1917 1355 1968 Thiele,
1377 1917 1541 1968 Walter,

263 1993 410 2045 quibus
447 1992 638 2031 omnibus
674 1991 830 2042 gratias
864 2004 943 2042 ago
978 2005 1217 2044 semperque
1260 2006 1381 2044 agam
1421 2007 1544 2045 quam

262 2069 472 2107 maximas.
529 2068 611 2106 Per
646 2068 726 2105 tria
763 2067 976 2105 semestria
1012 2068 1307 2118 proseminarii⁷
1351 2082 1424 2120 per
1464 2069 1545 2107 tria

264 2143 474 2182 seminarii
514 2142 769 2194 philologici,
813 2156 887 2194 per
930 2146 1124 2193 quattuor
1165 2143 1374 2181 seminarii
1415 2143 1544 2181 histo-

262 2218 339 2258 rici
368 2216 520 2257 sodalis
547 2217 622 2256 fui.
670 2218 859 2269 Itemque
887 2217 1060 2256 interfui
1089 2218 1452 2257 exercitationibus
1481 2232 1546 2256 ar-

264 2292 552 2343 chaeologicis.

393 2368 443 2407 A.
488 2365 525 2406 d.
568 2367 662 2407 VII.
710 2365 760 2406 Id
801 2367 898 2406 Jun.
946 2367 1048 2406 1886
1095 2380 1266 2405 examen
1312 2367 1547 2418 rigorosum

265 2442 437 2487 absolvi.
