1874 2917
817 174 1057 221 ,Δις-ι

290 339 331 370 et
365 336 481 382 „tota
498 335 631 371 >nocte
659 332 771 383 legi“
800 336 842 370 et
870 336 1027 381 „totam
1056 335 1223 371 noctem
1250 332 1373 384 legi“.
1429 327 1579 372 hones·-

289 408 372 446 tior
400 412 540 446 tamen
559 407 737 446 elocutio
764 421 837 460 per
856 408 1138 447 accusativum
1167 422 1265 447 sane
1293 413 1383 459 „tot
1411 411 1579 448 annos“.

272 483 646 521 ¹continuationem
676 482 903 533 significat,
952 486 1043 531 „tot
1085 483 1231 521 annis“
1273 487 1411 522 autem
1452 484 1580 523 inter-

290 558 459 597 vallum.

419 666 522 704 Aen.
555 667 582 704 1.
614 666 704 704 207.
763 670 934 704 vosmet.
997 669 1083 704 met
1109 667 1282 720 παρέλκων
1311 670 1383 705 est.
1448 667 1580 705 scien-

291 739 390 779 dum
420 745 559 779 autem
589 745 661 788 est,
707 740 781 779 has
810 741 1034 793 particulas
1071 745 1193 790 „met,
1239 741 1361 794 piam,
1407 744 1475 779 te“
1517 745 1580 782 ut:

291 820 456 866 egomet
485 815 690 868 quispiam
724 819 813 853 tute
848 819 890 852 et
925 814 1076 853 similia
1112 819 1281 853 ornatus
1317 829 1439 854 causa
1466 816 1577 869 poni.

291 894 388 927 sunt
417 894 556 928 autem
585 888 791 928 adverbia.
850 888 1047 941 quicquid
1082 890 1192 927 enim
1227 890 1277 928 ab
1312 890 1395 928 illis
1425 895 1581 943 septem

290 965 507 1003 recesserit
548 964 735 1017 partibus
778 963 1021 1003 adverbium
1056 964 1110 1002 sit
1147 978 1313 1003 necesse
1348 970 1420 1003 est.
1479 965 1580 1004 item

292 1038 637 1091 quemadmodum
663 1039 884 1092 probamus
904 1037 1101 1077 adverbia
1130 1053 1227 1089 esse,
1260 1040 1356 1091 quia
1385 1039 1579 1080 dicimus:

292 1114 412 1152 docte
441 1114 560 1162 facio,
602 1114 722 1153 docte
750 1115 831 1152 feci
862 1119 937 1163 etc,
979 1119 1021 1152 et
1049 1109 1209 1152 mutato
1239 1115 1366 1153 verbo
1395 1120 1582 1153 remanet

292 1188 551 1228 adverbium:
596 1202 694 1240 ergo
738 1189 773 1226 si
815 1189 873 1226 sic
912 1193 953 1226 et
981 1188 1026 1226 in
1054 1189 1145 1227 istis
1173 1189 1388 1243 particulis
1417 1189 1579 1228 inveni-

292 1279 392 1313 mus,
439 1269 486 1302 ut
516 1269 681 1315 egomet
710 1268 881 1312 vosmet,
922 1268 969 1302 ut
1003 1264 1174 1302 mutatis
1203 1264 1365 1302 casibus
1393 1265 1461 1302 vel
1489 1279 1580 1318 per-

292 1339 405 1377 sonis
448 1337 591 1377 eadem
628 1342 907 1391 permaneant,
957 1336 1153 1378 adverbia
1190 1339 1279 1377 sine
1317 1337 1442 1377 dubio
1472 1344 1578 1389 sunt,

292 1415 408 1451 nulla
437 1414 547 1451 enim
578 1414 655 1451 hoc
685 1414 766 1451 alia
794 1426 887 1466 pars
917 1414 1115 1451 orationis
1145 1412 1338 1451 admittit.

420 1531 523 1569 Aen.
573 1532 597 1569 1.
638 1531 673 1568 6.
732 1531 902 1579 „Genus
945 1529 1054 1569 unde
1096 1531 1300 1569 latinum“
1331 1561 1337 1569 .
1371 1561 1378 1569 .
1410 1562 1418 1569 .
1449 1532 1582 1584 prima

292 1611 354 1643 est
383 1604 563 1644 iucunda
594 1606 810 1653 absolutio,
847 1610 895 1643 ut
923 1604 1086 1654 „unde“
1115 1618 1199 1643 non
1227 1606 1381 1644 referas
1410 1605 1463 1644 ad
1489 1620 1580 1659 per-

292 1694 446 1730 sonam,
479 1678 550 1718 sed
578 1678 630 1718 ad
658 1680 812 1728 locu1n3
849 1693 1027 1731 namque
1057 1678 1219 1729 „unde“
1249 1678 1491 1719 adverbium
1520 1684 1582 1719 est

292 1754 341 1793 de
366 1756 468 1804 loco,
500 1768 585 1793 non
615 1754 664 1792 de
694 1754 822 1793 ductu
853 1768 875 1793 a
904 1768 1089 1807 persona.
1136 1754 1208 1793 sed
1226 1759 1388 1794 veteres
1417 1754 1581 1805 „unde“

292 1830 418 1867 etiam
448 1828 500 1867 ad
528 1842 745 1882 personam
773 1827 1046 1882 adplicabant,
1078 1829 1138 1867 ita
1157 1832 1204 1867 ut
1224 1827 1275 1866 ad
1295 1841 1416 1867 omne
1436 1842 1578 1879 genus,

291 1903 343 1941 ad
373 1917 536 1941 omnem
565 1917 784 1941 numerum
814 1904 1045 1953 iungerent,
1087 1907 1134 1940 ut
1162 1904 1240 1940 hoc
1269 1904 1379 1942 loco:
1423 1917 1581 1953 „genus

290 1977 401 2018 unde
429 1979 634 2017 latinum“
672 1978 900 2017 masculino
931 1978 1074 2028 generi
1104 1982 1145 2016 et
1178 1991 1349 2017 numero
1379 1978 1581 2029 singulari

292 2055 439 2103 iunxit,
487 2054 585 2092 alibi
617 2052 697 2103 (ad)
735 2067 867 2104 genus
896 2053 1145 2091 femininum
1175 2058 1215 2091 et
1242 2067 1461 2091 numerum
1489 2054 1579 2106 plu-

290 2130 418 2168 ralem
439 2129 576 2178 refert,
608 2133 671 2168 ut:
702 2128 919 2181 nymphae,
952 2129 1179 2166 Laurentes
1199 2129 1417 2181 nymphae,
1449 2142 1581 2179 genus

291 2204 482 2242 omnibus
512 2201 621 2242 unde
651 2207 722 2252 est,
769 2203 876 2241 sicut
913 2202 1063 2252 „hinc“
1101 2202 1358 2256 particulam,
1404 2216 1499 2241 cum
1527 2202 1582 2241 sit

290 2280 372 2317 loci
392 2278 646 2328 adverbium,
671 2278 889 2316 Terentius
904 2282 1113 2316 vetustate
1134 2276 1186 2315 ad
1206 2291 1422 2330 personam
1443 2282 1579 2315 trans-

290 2353 390 2392 tulit
419 2351 491 2392 sed
520 2366 661 2391 eccum
688 2352 846 2405 Lyrum
875 2350 1065 2391 incedere
1094 2350 1235 2393 video:
1264 2351 1361 2391 hinc
1390 2351 1473 2391 iam
1502 2352 1579 2391 sci-

291 2430 344 2467 bo
376 2428 475 2480 quid
505 2430 593 2467 siet.
