<?xml version="1.0" encoding="UTF-8"?>
<!DOCTYPE html PUBLIC "-//W3C//DTD XHTML 1.0 Transitional//EN"
    "http://www.w3.org/TR/xhtml1/DTD/xhtml1-transitional.dtd">
<html xmlns="http://www.w3.org/1999/xhtml" xml:lang="en" lang="en">
 <head>
  <title>
</title>
<meta http-equiv="Content-Type" content="text/html;charset=utf-8" />
  <meta name='ocr-system' content='tesseract 3.04.00' />
  <meta name='ocr-capabilities' content='ocr_page ocr_carea ocr_par ocr_line ocrx_word'/>
</head>
<body>
  <div class='ocr_page' id='page_1' title='image "4737347_0086.png"; bbox 0 0 1874 2917; ppageno 0'>
   <div class='ocr_carea' id='block_1_1' title="bbox 776 194 1016 239">
    <p class='ocr_par' dir='ltr' id='par_1_1' title="bbox 776 194 1016 239">
     <span class='ocr_line' id='line_1_1' title="bbox 776 194 1016 239; baseline 0 -11"><span class='ocrx_word' id='word_1_1' title='bbox 776 194 1016 239; x_wconf 83' lang='lat'>-85--</span> 
     </span>
    </p>
   </div>
   <div class='ocr_carea' id='block_1_2' title="bbox 254 349 1540 1675">
    <p class='ocr_par' dir='ltr' id='par_1_2' title="bbox 254 349 1538 614">
     <span class='ocr_line' id='line_1_2' title="bbox 255 349 1536 402; baseline -0.003 -11"><span class='ocrx_word' id='word_1_2' title='bbox 255 352 383 391; x_wconf 86' lang='lat' dir='ltr'>tarios</span> <span class='ocrx_word' id='word_1_3' title='bbox 425 350 686 389; x_wconf 88' lang='lat' dir='ltr'>transtulisse</span> <span class='ocrx_word' id='word_1_4' title='bbox 727 350 902 402; x_wconf 85' lang='lat' dir='ltr'>putavit.</span> <span class='ocrx_word' id='word_1_5' title='bbox 961 349 1120 397; x_wconf 80' lang='lat' dir='ltr'>Quibus</span> <span class='ocrx_word' id='word_1_6' title='bbox 1149 353 1288 388; x_wconf 88' lang='lat' dir='ltr'>autem</span> <span class='ocrx_word' id='word_1_7' title='bbox 1317 349 1367 388; x_wconf 93' lang='lat' dir='ltr'>ab</span> <span class='ocrx_word' id='word_1_8' title='bbox 1396 353 1536 387; x_wconf 87' lang='lat' dir='ltr'>aucto-</span> 
     </span>
     <span class='ocr_line' id='line_1_3' title="bbox 254 424 1538 475; baseline -0.003 -10"><span class='ocrx_word' id='word_1_9' title='bbox 254 427 369 465; x_wconf 87' lang='lat' dir='ltr'>ribus</span> <span class='ocrx_word' id='word_1_10' title='bbox 397 426 473 463; x_wconf 92' lang='lat' dir='ltr'>hos</span> <span class='ocrx_word' id='word_1_11' title='bbox 491 425 706 463; x_wconf 88' lang='lat' dir='ltr'>Plinianos</span> <span class='ocrx_word' id='word_1_12' title='bbox 735 425 847 463; x_wconf 91' lang='lat' dir='ltr'>locos</span> <span class='ocrx_word' id='word_1_13' title='bbox 876 428 1090 463; x_wconf 87' lang='lat' dir='ltr'>mutuatus</span> <span class='ocrx_word' id='word_1_14' title='bbox 1119 424 1174 462; x_wconf 87' lang='lat' dir='ltr'>sit</span> <span class='ocrx_word' id='word_1_15' title='bbox 1193 424 1363 463; x_wconf 83' lang='lat' dir='ltr'>Servius</span> <span class='ocrx_word' id='word_1_16' title='bbox 1392 437 1538 475; x_wconf 87' lang='lat' dir='ltr'>parum</span> 
     </span>
     <span class='ocr_line' id='line_1_4' title="bbox 255 498 1537 551; baseline -0.003 -11"><span class='ocrx_word' id='word_1_17' title='bbox 255 503 428 550; x_wconf 87' lang='lat' dir='ltr'>constat,</span> <span class='ocrx_word' id='word_1_18' title='bbox 468 499 549 538; x_wconf 86' lang='lat' dir='ltr'>nisi</span> <span class='ocrx_word' id='word_1_19' title='bbox 586 499 696 538; x_wconf 89' lang='lat' dir='ltr'>forte</span> <span class='ocrx_word' id='word_1_20' title='bbox 724 499 775 538; x_wconf 88' lang='lat' dir='ltr'>ab</span> <span class='ocrx_word' id='word_1_21' title='bbox 803 498 951 539; x_wconf 90' lang='lat' dir='ltr'>iisdem</span> <span class='ocrx_word' id='word_1_22' title='bbox 979 504 1102 551; x_wconf 90' lang='lat' dir='ltr'>atque</span> <span class='ocrx_word' id='word_1_23' title='bbox 1131 499 1343 538; x_wconf 87' lang='lat' dir='ltr'><strong>Charisius</strong></span> <span class='ocrx_word' id='word_1_24' title='bbox 1370 498 1537 537; x_wconf 90' lang='lat' dir='ltr'>Diome-</span> 
     </span>
     <span class='ocr_line' id='line_1_5' title="bbox 256 575 437 614; baseline -0.011 0"><span class='ocrx_word' id='word_1_25' title='bbox 256 575 326 614; x_wconf 85' lang='lat' dir='ltr'>des</span> <span class='ocrx_word' id='word_1_26' title='bbox 354 575 437 613; x_wconf 88' lang='lat' dir='ltr'>alii.</span> 
     </span>
    </p>

    <p class='ocr_par' dir='ltr' id='par_1_3' title="bbox 255 647 1540 1675">
     <span class='ocr_line' id='line_1_6' title="bbox 363 647 1536 702; baseline -0.002 -14"><span class='ocrx_word' id='word_1_27' title='bbox 363 649 467 688; x_wconf 87' lang='lat' dir='ltr'>Cum</span> <span class='ocrx_word' id='word_1_28' title='bbox 496 648 546 687; x_wconf 88' lang='lat' dir='ltr'>de</span> <span class='ocrx_word' id='word_1_29' title='bbox 575 647 734 688; x_wconf 91' lang='lat' dir='ltr'>duobus</span> <span class='ocrx_word' id='word_1_30' title='bbox 754 662 1056 702; x_wconf 83' lang='lat' dir='ltr'>anonymorum</span> <span class='ocrx_word' id='word_1_31' title='bbox 1075 649 1178 688; x_wconf 91' lang='lat' dir='ltr'>locis</span> <span class='ocrx_word' id='word_1_32' title='bbox 1197 662 1282 688; x_wconf 90' lang='lat' dir='ltr'>non</span> <span class='ocrx_word' id='word_1_33' title='bbox 1302 648 1536 698; x_wconf 86' lang='lat' dir='ltr'>habeamus,</span> 
     </span>
     <span class='ocr_line' id='line_1_7' title="bbox 256 722 1539 776; baseline -0.001 -13"><span class='ocrx_word' id='word_1_34' title='bbox 256 723 366 776; x_wconf 88' lang='lat' dir='ltr'>quod</span> <span class='ocrx_word' id='word_1_35' title='bbox 394 725 522 764; x_wconf 90' lang='lat' dir='ltr'>verba</span> <span class='ocrx_word' id='word_1_36' title='bbox 550 725 760 775; x_wconf 86' lang='lat' dir='ltr'>faciamus,</span> <span class='ocrx_word' id='word_1_37' title='bbox 805 726 946 764; x_wconf 85' lang='lat' dir='ltr'>statim</span> <span class='ocrx_word' id='word_1_38' title='bbox 974 724 1027 764; x_wconf 87' lang='lat' dir='ltr'>ad</span> <span class='ocrx_word' id='word_1_39' title='bbox 1055 725 1190 764; x_wconf 84' lang='lat' dir='ltr'>Servii</span> <span class='ocrx_word' id='word_1_40' title='bbox 1219 725 1406 763; x_wconf 84' lang='lat' dir='ltr'>scholion</span> <span class='ocrx_word' id='word_1_41' title='bbox 1435 722 1539 762; x_wconf 91' lang='lat' dir='ltr'>illud</span> 
     </span>
     <span class='ocr_line' id='line_1_8' title="bbox 256 798 1538 852; baseline -0.002 -13"><span class='ocrx_word' id='word_1_42' title='bbox 256 798 325 850; x_wconf 86' lang='lat' dir='ltr'>(ad</span> <span class='ocrx_word' id='word_1_43' title='bbox 353 799 456 839; x_wconf 86' lang='lat' dir='ltr'>Aen.</span> <span class='ocrx_word' id='word_1_44' title='bbox 489 800 596 838; x_wconf 80' lang='lat' dir='ltr'>Vm.</span> <span class='ocrx_word' id='word_1_45' title='bbox 626 800 731 850; x_wconf 83' lang='lat'>423),</span> <span class='ocrx_word' id='word_1_46' title='bbox 762 800 807 839; x_wconf 86' lang='lat' dir='ltr'>in</span> <span class='ocrx_word' id='word_1_47' title='bbox 835 813 915 852; x_wconf 90' lang='lat' dir='ltr'>quo</span> <span class='ocrx_word' id='word_1_48' title='bbox 945 800 1117 839; x_wconf 88' lang='lat' dir='ltr'>Verrius</span> <span class='ocrx_word' id='word_1_49' title='bbox 1145 800 1320 839; x_wconf 82' lang='lat' dir='ltr'>Flaccus</span> <span class='ocrx_word' id='word_1_50' title='bbox 1350 799 1538 838; x_wconf 87' lang='lat' dir='ltr'>nomina-</span> 
     </span>
     <span class='ocr_line' id='line_1_9' title="bbox 255 875 1538 924; baseline 0 -11"><span class='ocrx_word' id='word_1_51' title='bbox 255 879 332 924; x_wconf 91' lang='lat' dir='ltr'>tur,</span> <span class='ocrx_word' id='word_1_52' title='bbox 379 880 646 913; x_wconf 85' lang='lat' dir='ltr'>transeamus.</span> <span class='ocrx_word' id='word_1_53' title='bbox 705 876 836 922; x_wconf 78' lang='lat' dir='ltr'>Quem</span> <span class='ocrx_word' id='word_1_54' title='bbox 870 876 1011 914; x_wconf 84' lang='lat' dir='ltr'>Flacci</span> <span class='ocrx_word' id='word_1_55' title='bbox 1052 876 1189 914; x_wconf 87' lang='lat' dir='ltr'>locum</span> <span class='ocrx_word' id='word_1_56' title='bbox 1230 875 1415 913; x_wconf 82' lang='lat' dir='ltr'>hausisse</span> <span class='ocrx_word' id='word_1_57' title='bbox 1445 876 1538 913; x_wconf 86' lang='lat' dir='ltr'>Ser-</span> 
     </span>
     <span class='ocr_line' id='line_1_10' title="bbox 256 949 1539 1002; baseline -0.001 -14"><span class='ocrx_word' id='word_1_58' title='bbox 256 949 372 988; x_wconf 86' lang='lat' dir='ltr'>vium</span> <span class='ocrx_word' id='word_1_59' title='bbox 417 949 674 988; x_wconf 89' lang='lat' dir='ltr'>Kirchnerus</span> <span class='ocrx_word' id='word_1_60' title='bbox 731 952 782 1001; x_wconf 86' lang='lat' dir='ltr'>(p.</span> <span class='ocrx_word' id='word_1_61' title='bbox 830 950 926 999; x_wconf 81' lang='lat'>476)</span> <span class='ocrx_word' id='word_1_62' title='bbox 981 950 1130 1002; x_wconf 88' lang='lat' dir='ltr'>probat</span> <span class='ocrx_word' id='word_1_63' title='bbox 1176 964 1226 988; x_wconf 86' lang='lat' dir='ltr'>ex</span> <span class='ocrx_word' id='word_1_64' title='bbox 1279 949 1539 1000; x_wconf 87' lang='lat' dir='ltr'>grammatici</span> 
     </span>
     <span class='ocr_line' id='line_1_11' title="bbox 256 1023 1540 1076; baseline 0 -14"><span class='ocrx_word' id='word_1_65' title='bbox 256 1023 468 1062; x_wconf 87' lang='lat' dir='ltr'>cuiusdam</span> <span class='ocrx_word' id='word_1_66' title='bbox 507 1024 648 1076; x_wconf 67' lang='lat' dir='ltr'>(Capri</span> <span class='ocrx_word' id='word_1_67' title='bbox 691 1025 880 1074; x_wconf 83' lang='lat' dir='ltr'>fortasse)</span> <span class='ocrx_word' id='word_1_68' title='bbox 922 1025 1049 1074; x_wconf 89' lang='lat' dir='ltr'>libris,</span> <span class='ocrx_word' id='word_1_69' title='bbox 1095 1038 1216 1075; x_wconf 87' lang='lat' dir='ltr'>quem</span> <span class='ocrx_word' id='word_1_70' title='bbox 1258 1025 1325 1062; x_wconf 80' lang='lat' dir='ltr'>hio</span> <span class='ocrx_word' id='word_1_71' title='bbox 1363 1025 1540 1075; x_wconf 85' lang='lat' dir='ltr'>Vergilii</span> 
     </span>
     <span class='ocr_line' id='line_1_12' title="bbox 257 1098 1538 1152; baseline 0 -14"><span class='ocrx_word' id='word_1_72' title='bbox 257 1113 400 1138; x_wconf 90' lang='lat' dir='ltr'>versus</span> <span class='ocrx_word' id='word_1_73' title='bbox 429 1100 665 1150; x_wconf 89' lang='lat' dir='ltr'>commovit,</span> <span class='ocrx_word' id='word_1_74' title='bbox 696 1104 743 1138; x_wconf 87' lang='lat' dir='ltr'>ut</span> <span class='ocrx_word' id='word_1_75' title='bbox 772 1098 821 1138; x_wconf 88' lang='lat' dir='ltr'>de</span> <span class='ocrx_word' id='word_1_76' title='bbox 842 1098 1132 1139; x_wconf 84' lang='lat' dir='ltr'>adverbiorum</span> <span class='ocrx_word' id='word_1_77' title='bbox 1151 1114 1228 1138; x_wconf 88' lang='lat' dir='ltr'>usu</span> <span class='ocrx_word' id='word_1_78' title='bbox 1249 1098 1359 1152; x_wconf 90' lang='lat' dir='ltr'>apud</span> <span class='ocrx_word' id='word_1_79' title='bbox 1379 1104 1538 1139; x_wconf 87' lang='lat' dir='ltr'>veteres</span> 
     </span>
     <span class='ocr_line' id='line_1_13' title="bbox 257 1175 1539 1226; baseline 0.001 -14"><span class='ocrx_word' id='word_1_80' title='bbox 257 1175 464 1213; x_wconf 84' lang='lat' dir='ltr'>scriberet.</span> <span class='ocrx_word' id='word_1_81' title='bbox 516 1176 648 1224; x_wconf 87' lang='lat' dir='ltr'>„Nam</span> <span class='ocrx_word' id='word_1_82' title='bbox 678 1189 770 1213; x_wconf 91' lang='lat' dir='ltr'>cum</span> <span class='ocrx_word' id='word_1_83' title='bbox 790 1176 1000 1226; x_wconf 84' lang='lat' dir='ltr'>Vergilius</span> <span class='ocrx_word' id='word_1_84' title='bbox 1029 1189 1053 1213; x_wconf 87' lang='lat' dir='ltr'>a</span> <span class='ocrx_word' id='word_1_85' title='bbox 1080 1176 1212 1226; x_wconf 90' lang='lat' dir='ltr'>primo</span> <span class='ocrx_word' id='word_1_86' title='bbox 1242 1176 1539 1226; x_wconf 87' lang='lat' dir='ltr'>imperatorum</span> 
     </span>
     <span class='ocr_line' id='line_1_14' title="bbox 257 1249 1540 1302; baseline 0.002 -15"><span class='ocrx_word' id='word_1_87' title='bbox 257 1249 420 1288; x_wconf 89' lang='lat' dir='ltr'>saeculo</span> <span class='ocrx_word' id='word_1_88' title='bbox 457 1263 586 1301; x_wconf 87' lang='lat' dir='ltr'>usque</span> <span class='ocrx_word' id='word_1_89' title='bbox 614 1249 665 1288; x_wconf 89' lang='lat' dir='ltr'>ad</span> <span class='ocrx_word' id='word_1_90' title='bbox 700 1250 887 1289; x_wconf 89' lang='lat' dir='ltr'>ultimam</span> <span class='ocrx_word' id='word_1_91' title='bbox 921 1250 1134 1302; x_wconf 86' lang='lat' dir='ltr'>vergentis</span> <span class='ocrx_word' id='word_1_92' title='bbox 1174 1250 1338 1302; x_wconf 87' lang='lat' dir='ltr'>imperii</span> <span class='ocrx_word' id='word_1_93' title='bbox 1381 1250 1540 1289; x_wconf 84' lang='lat' dir='ltr'>romani</span> 
     </span>
     <span class='ocr_line' id='line_1_15' title="bbox 257 1324 1540 1375; baseline 0.001 -13"><span class='ocrx_word' id='word_1_94' title='bbox 257 1328 435 1362; x_wconf 88' lang='lat' dir='ltr'>aetatem</span> <span class='ocrx_word' id='word_1_95' title='bbox 476 1325 603 1375; x_wconf 88' lang='lat' dir='ltr'>longo</span> <span class='ocrx_word' id='word_1_96' title='bbox 642 1324 879 1363; x_wconf 75' lang='lat' dir='ltr'>docentium</span> <span class='ocrx_word' id='word_1_97' title='bbox 923 1330 964 1363; x_wconf 91' lang='lat' dir='ltr'>et</span> <span class='ocrx_word' id='word_1_98' title='bbox 1006 1324 1255 1363; x_wconf 85' lang='lat' dir='ltr'>discentium</span> <span class='ocrx_word' id='word_1_99' title='bbox 1297 1339 1374 1363; x_wconf 89' lang='lat' dir='ltr'>usu</span> <span class='ocrx_word' id='word_1_100' title='bbox 1417 1326 1540 1363; x_wconf 85' lang='lat' dir='ltr'>tritus</span> 
     </span>
     <span class='ocr_line' id='line_1_16' title="bbox 257 1399 1540 1450; baseline 0.001 -13"><span class='ocrx_word' id='word_1_101' title='bbox 257 1399 343 1437; x_wconf 86' lang='lat' dir='ltr'>fere</span> <span class='ocrx_word' id='word_1_102' title='bbox 372 1399 483 1437; x_wconf 85' lang='lat' dir='ltr'>solus</span> <span class='ocrx_word' id='word_1_103' title='bbox 525 1399 569 1437; x_wconf 86' lang='lat' dir='ltr'>in</span> <span class='ocrx_word' id='word_1_104' title='bbox 611 1399 761 1438; x_wconf 89' lang='lat' dir='ltr'>scholis</span> <span class='ocrx_word' id='word_1_105' title='bbox 805 1403 1005 1450; x_wconf 74' lang='lat' dir='ltr'>regnaret,</span> <span class='ocrx_word' id='word_1_106' title='bbox 1050 1399 1344 1450; x_wconf 84' lang='lat' dir='ltr'>grammaticus</span> <span class='ocrx_word' id='word_1_107' title='bbox 1387 1399 1540 1438; x_wconf 87' lang='lat' dir='ltr'>latinus</span> 
     </span>
     <span class='ocr_line' id='line_1_17' title="bbox 259 1473 1538 1526; baseline 0.001 -15"><span class='ocrx_word' id='word_1_108' title='bbox 259 1474 514 1512; x_wconf 82' lang='lat' dir='ltr'>Graecorum</span> <span class='ocrx_word' id='word_1_109' title='bbox 543 1475 587 1512; x_wconf 89' lang='lat' dir='ltr'>in</span> <span class='ocrx_word' id='word_1_110' title='bbox 615 1473 793 1523; x_wconf 88' lang='lat' dir='ltr'>modum,</span> <span class='ocrx_word' id='word_1_111' title='bbox 826 1475 897 1525; x_wconf 89' lang='lat' dir='ltr'>qui</span> <span class='ocrx_word' id='word_1_112' title='bbox 916 1475 966 1513; x_wconf 90' lang='lat' dir='ltr'>ab</span> <span class='ocrx_word' id='word_1_113' title='bbox 986 1476 1169 1513; x_wconf 89' lang='lat' dir='ltr'>Homero</span> <span class='ocrx_word' id='word_1_114' title='bbox 1198 1475 1406 1526; x_wconf 88' lang='lat' dir='ltr'>proficisci</span> <span class='ocrx_word' id='word_1_115' title='bbox 1435 1476 1538 1513; x_wconf 88' lang='lat' dir='ltr'>sole-</span> 
     </span>
     <span class='ocr_line' id='line_1_18' title="bbox 257 1548 1538 1601; baseline 0.001 -14"><span class='ocrx_word' id='word_1_116' title='bbox 257 1548 367 1598; x_wconf 91' lang='lat' dir='ltr'>bant,</span> <span class='ocrx_word' id='word_1_117' title='bbox 398 1562 483 1587; x_wconf 91' lang='lat' dir='ltr'>non</span> <span class='ocrx_word' id='word_1_118' title='bbox 511 1553 673 1600; x_wconf 90' lang='lat' dir='ltr'>poterat</span> <span class='ocrx_word' id='word_1_119' title='bbox 701 1562 785 1588; x_wconf 89' lang='lat' dir='ltr'>non</span> <span class='ocrx_word' id='word_1_120' title='bbox 805 1563 828 1587; x_wconf 88' lang='lat' dir='ltr'>a</span> <span class='ocrx_word' id='word_1_121' title='bbox 849 1549 1044 1600; x_wconf 76' lang='lat' dir='ltr'>Vergilio,</span> <span class='ocrx_word' id='word_1_122' title='bbox 1075 1550 1119 1588; x_wconf 90' lang='lat' dir='ltr'>in</span> <span class='ocrx_word' id='word_1_123' title='bbox 1149 1563 1228 1601; x_wconf 88' lang='lat' dir='ltr'>quo</span> <span class='ocrx_word' id='word_1_124' title='bbox 1259 1550 1392 1588; x_wconf 90' lang='lat' dir='ltr'>omnis</span> <span class='ocrx_word' id='word_1_125' title='bbox 1421 1550 1538 1588; x_wconf 82' lang='lat' dir='ltr'>scho—</span> 
     </span>
     <span class='ocr_line' id='line_1_19' title="bbox 258 1624 1539 1675; baseline 0.002 -14"><span class='ocrx_word' id='word_1_126' title='bbox 258 1625 390 1662; x_wconf 88' lang='lat' dir='ltr'>larum</span> <span class='ocrx_word' id='word_1_127' title='bbox 436 1624 644 1662; x_wconf 88' lang='lat' dir='ltr'>institutio</span> <span class='ocrx_word' id='word_1_128' title='bbox 692 1625 942 1673; x_wconf 72' lang='lat' dir='ltr'>versabatur,</span> <span class='ocrx_word' id='word_1_129' title='bbox 993 1626 1205 1663; x_wconf 83' lang='lat' dir='ltr'>materiam</span> <span class='ocrx_word' id='word_1_130' title='bbox 1253 1626 1539 1675; x_wconf 73' lang='lat' dir='ltr'>quaestionum</span> 
     </span>
    </p>
   </div>
   <div class='ocr_carea' id='block_1_3' title="bbox 259 1699 1174 1751">
    <p class='ocr_par' dir='ltr' id='par_1_4' title="bbox 259 1699 1174 1751">
     <span class='ocr_line' id='line_1_20' title="bbox 259 1699 1174 1751; baseline 0.001 -15"><span class='ocrx_word' id='word_1_131' title='bbox 259 1699 625 1749; x_wconf 84' lang='lat' dir='ltr'>grammaticarum</span> <span class='ocrx_word' id='word_1_132' title='bbox 656 1713 756 1750; x_wconf 84' lang='lat' dir='ltr'>quas</span> <span class='ocrx_word' id='word_1_133' title='bbox 785 1700 967 1738; x_wconf 72' lang='lat' dir='ltr'>instituit</span> <span class='ocrx_word' id='word_1_134' title='bbox 996 1702 1174 1751; x_wconf 73' lang='lat' dir='ltr'>petere.‘⁴</span> 
     </span>
    </p>
   </div>
  </div>
 </body>
</html>
