1874 2917
331 791 458 858 Initio
479 819 576 856 anni
597 819 701 856 1884
725 818 1000 868 amplissimus
1023 817 1364 869 philosophorum
1384 816 1484 855 ordo

205 891 276 943 qui
313 895 375 930 est
410 891 454 930 in
492 891 567 929 hac
604 891 711 929 alma
746 891 1017 930 universitate
1045 891 1264 930 Albertina
1300 889 1352 929 ad
1380 891 1485 929 hanc

205 981 292 1005 rem
339 967 456 1018 quasi
502 967 692 1005 certatim
745 965 1102 1005 dissertationibus
1153 965 1487 1018 pertractandam

205 1042 387 1095 praemio
424 1042 637 1094 proposito
676 1055 745 1081 eos
781 1042 852 1093 qui
888 1042 1148 1093 antiquitatis
1183 1041 1331 1081 studiis
1366 1056 1486 1081 exco-

206 1117 338 1156 lendis
368 1131 534 1168 operam
561 1121 718 1156 navant
745 1117 954 1156 incitavit:

336 1192 632 1243 „Grammatici
657 1192 787 1242 latini,
818 1192 863 1230 in
882 1192 1026 1243 primis
1045 1192 1223 1242 Vergilii
1243 1196 1285 1230 et
1303 1192 1489 1231 Terentii

208 1267 465 1318 interpretes,
489 1280 592 1317 quae
613 1265 663 1304 de
683 1266 850 1318 syntaxi
863 1266 1031 1317 linguae
1046 1266 1199 1304 latinae
1215 1264 1484 1317 tradiderunt,

209 1342 459 1393 colligantur
495 1342 669 1380 collecta
704 1345 896 1392 recteque
925 1340 1125 1393 disposita
1152 1342 1211 1379 ita
1239 1341 1485 1392 iudicentur⁷

208 1421 256 1455 ut
297 1417 542 1468 quibusnam
586 1416 847 1468 potissimum
893 1430 943 1454 ex
979 1416 1166 1455 fontibus
1203 1417 1264 1455 illi
1301 1416 1487 1456 hortulos

210 1505 304 1531 suos
332 1492 556 1543 irrigarint,
586 1491 743 1543 liquido
774 1494 1009 1544 appareat.“

338 1568 394 1605 Et
422 1580 619 1619 perquam
647 1566 826 1605 feliciter
853 1567 931 1605 hoc
969 1571 1176 1605 certamen
1211 1567 1313 1605 mihi
1348 1565 1488 1607 cessit:

210 1641 337 1694 digna
366 1643 476 1681 enim
504 1642 594 1681 visa
622 1646 684 1681 est
712 1642 1006 1681 commentatio
1035 1656 1124 1680 mea
1150 1641 1398 1681 doctissimis
1427 1643 1489 1681 iu-

211 1716 382 1768 dicibus,
415 1731 538 1769 quam
566 1717 747 1769 praemio
778 1720 982 1756 ornarent.
1016 1740 1064 1744 ——

338 1792 477 1844 Atque
505 1791 610 1831 illud
638 1791 805 1844 quidem
834 1793 975 1831 statim
995 1792 1129 1830 elucet
1148 1793 1384 1831 universam
1403 1807 1491 1832 rem

211 1868 255 1906 in
291 1866 392 1905 duas
429 1866 755 1906 distribuendam
792 1880 879 1905 esse
914 1870 1062 1918 partes⁷
1109 1880 1281 1917 quarum
1323 1881 1406 1905 una
1447 1868 1492 1906 in

212 1940 456 1993 colligendis
484 1945 675 1993 recteque
704 1940 970 1993 disponendis
991 1941 1180 1980 omnibus
1200 1942 1301 1980 locis
1322 1941 1373 1980 ad
1393 1956 1491 1994 syn-

212 2017 329 2055 taxin
369 2017 542 2055 latinam
583 2017 887 2068 pertinentibus
929 2020 1101 2066 constat,
1146 2017 1275 2055 altera
1303 2022 1494 2056 versatur

212 2092 256 2130 in
275 2090 563 2142 disquisitione
583 2092 736 2142 critica,
768 2105 848 2143 qua
875 2106 975 2130 num
1004 2091 1048 2130 hi
1075 2091 1157 2130 loci
1187 2105 1327 2130 omnes
1356 2092 1495 2144 aliqua

214 2166 505 2205 coniunctione
539 2167 623 2205 sint
656 2167 840 2218 copulati
875 2165 1163 2218 pendeantque
1199 2167 1378 2205 invicem
1415 2167 1495 2205 erit

215 2239 510 2279 statuendum„
547 2241 604 2279 Et
631 2254 726 2279 cum
754 2254 848 2292 pars
881 2241 995 2292 prior
1028 2239 1149 2291 modo
1185 2241 1494 2291 angustioribus

215 2313 337 2354 modo
365 2315 581 2354 latioribus
619 2315 770 2354 finibus
799 2314 1025 2354 secundum
1053 2316 1175 2354 unius
1204 2316 1401 2366 cuiusque
1430 2316 1492 2354 in-

215 2390 385 2441 genium
425 2388 688 2442 indolemque
721 2391 852 2443 possit
880 2390 1171 2440 circumscribi,
1207 2403 1285 2441 ego
1316 2389 1492 2442 quidem,

217 2464 314 2518 quia
341 2464 443 2503 fines
471 2465 573 2504 istos
602 2478 725 2518 quam
752 2464 951 2505 latissime
978 2462 1257 2505 extendendos
1282 2465 1423 2505 censui
1445 2490 1495 2495 —

1286 2543 1303 2581 1
