1874 2917
891 168 1129 208 —82-

449 320 564 360 Serv.
595 318 647 359 ἃᾶ
675 319 778 359 Aen.
809 320 838 358 I.
861 319 941 359 295
961 342 977 349 -
998 320 1113 360 Serv.
1141 317 1193 358 ad
1212 318 1319 358 Don.
1340 332 1378 371 p.
1400 318 1548 370 419,26
1568 333 1654 372 sqq.

449 397 564 436 Serv.
595 394 647 434 ad
674 396 778 434 Aen.
809 396 841 434 I.
873 396 952 434 595
981 418 998 425 -
1027 396 1133 434 Don.
1164 394 1217 433 ad
1244 393 1373 434 Andr.
1394 395 1470 434 III.
1494 395 1589 445 2‚10
1616 400 1657 443 et

563 469 615 510 ad
642 469 820 524 Adelph.
850 471 923 511 IV.
955 470 1101 521 3,17.*)

449 547 564 586 Serv.
595 545 648 585 ad
675 547 778 586 Aen.
811 547 880 585 111.
911 547 990 585 427
1020 569 1036 576 -
1067 547 1181 586 Serv.
1218 545 1270 585 ad
1298 547 1403 584 Don.
1441 559 1479 597 p.
1509 546 1658 596 418,34

562 625 604 661 et
631 635 669 674 p.
699 622 819 672 442,1
848 623 902 661 Κ.

449 698 564 736 Serv.
595 696 648 735 ad
676 696 779 736 Aen.
810 697 904 737 VII.
944 697 1022 736 289
1052 719 1068 726 -
1097 697 1203 735 Don.
1243 695 1295 735 ad
1335 694 1463 735 Andr.
1502 697 1552 734 11.
1593 697 1656 746 1,3

561 776 603 811 et
632 786 723 811 eun.
754 773 829 810 III.
861 772 965 821 2,18.

448 847 500 885 ef.
532 851 574 885 et
603 847 717 886 Serv.
749 845 801 885 ad
829 847 980 885 Donat.
1011 860 1049 898 p.
1081 848 1227 895 419,15
1257 850 1298 884 et
1326 860 1363 897 p.
1394 846 1552 896 442‚15.

448 923 563 962 Serv.
586 921 638 961 ad
657 923 760 961 Aen.
782 923 813 961 I.
837 922 914 961 713
936 926 978 960 et
998 923 1112 961 Serv.
1136 920 1186 960 ad
1207 923 1356 960 Donat.
1378 935 1416 974 p.
1438 922 1582 972 412,21
1601 922 1652 960 Κ.

562 1003 603 1036 et
632 999 747 1037 Serv.
778 996 831 1036 ad
860 998 932 1036 ecl.
964 999 1079 1037 VIII.
1112 998 1173 1036 71.

449 1073 563 1113 Serv.
595 1071 647 1112 ad
675 1073 777 1112 Aen.
811 1074 839 1111 Ι.
874 1073 950 1111 120
980 1097 995 1102 -
1026 1074 1140 1113 Serv.
1163 1071 1215 1111 ad
1234 1073 1339 1111 Don.
1361 1086 1398 1124 p.
1421 1073 1499 1111 417
1520 1086 1578 1123 sq.
1600 1073 1653 1111 K.

449 1149 563 1187 Serv.
595 1147 647 1186 ad
675 1149 778 1186 Aen.
810 1150 838 1186 l.
870 1149 949 1186 319
979 1171 995 1177 -
1025 1149 1131 1186 Don.
1171 1146 1223 1186 ad
1251 1146 1379 1186 Andr.
1409 1148 1484 1185 III.
1516 1147 1582 1196 2,4
1616 1151 1658 1184 et

449 1224 563 1262 Serv.
595 1222 646 1261 ad
674 1223 777 1261 Aen.
812 1224 858 1260 V.
889 1224 978 1261 248.

450 1298 564 1336 Serv.
597 1296 648 1336 ad
676 1298 779 1336 Aen.
810 1298 863 1336 II.
895 1299 948 1336 64
985 1302 1026 1336 et
1063 1298 1168 1336 Don.
1207 1296 1257 1335 ad
1295 1296 1423 1336 Andr.
1466 1297 1533 1335 IV.
1564 1297 1656 1346 4‚19

564 1377 605 1410 et
634 1372 685 1411 ad
714 1373 880 1411 Phorm.
913 1374 961 1412 V.
994 1373 1095 1422 7,22.
1226 1401 1228 1403 -

450 1448 565 1487 Serv.
597 1446 647 1486 ad
677 1449 779 1487 Aen.
812 1449 880 1486 ΠΙ.
912 1448 991 1487 278
1020 1471 1036 1477 -
1065 1449 1171 1486 Don.
1203 1446 1253 1486 ad
1282 1446 1359 1486 Ad.
1391 1448 1438 1487 V.
1469 1447 1573 1496 4,17.

451 1523 565 1561 Serv.
598 1521 650 1560 ad
678 1523 781 1561 Aen.
813 1524 862 1560 ll.
897 1524 945 1561 12
976 1546 992 1552 -
1022 1523 1136 1561 Serv.
1167 1521 1219 1560 ad
1247 1522 1352 1560 Don.
1384 1535 1421 1573 p.
1452 1521 1570 1570 437‚1
1601 1521 1653 1559 K.
1714 1549 1715 1552 η

452 1598 566 1637 Serv.
599 1596 650 1636 ad
678 1598 781 1637 Aen.
812 1599 883 1637 IV.
915 1598 995 1636 534
1023 1621 1039 1627 -
1068 1599 1173 1636 Don.
1205 1596 1256 1636 ad
1287 1611 1378 1636 eun.
1410 1598 1438 1635 l.
1473 1598 1546 1647 1,1.

451 1674 565 1712 Serv.
597 1671 649 1711 ad
677 1673 780 1712 Aen.
812 1674 881 1712 IV.
912 1674 988 1711 341
1020 1696 1036 1702 -
1067 1674 1180 1712 Serv.
1211 1673 1357 1723 416,19
1377 1673 1429 1712 K.
1462 1696 1480 1704 -
1511 1672 1654 1723 [Serg]

561 1749 708 1799 489,36
736 1750 789 1788 K.

498 1846 756 1884 Gravissima
802 1850 939 1885 autem
988 1845 1058 1885 dat.
1109 1851 1355 1898 argumenta
1399 1846 1656 1885 Kirchnerus

370 1923 423 1973 (p.
445 1922 526 1960 494
547 1924 634 1972 sq.)⁷
667 1922 816 1972 quibus
845 1922 1037 1961 Servium
1066 1927 1254 1961 nostrum
1282 1935 1366 1960 non
1395 1936 1419 1960 a
1449 1935 1656 1960 commen-

368 1997 572 2036 tatoribus
602 1995 673 2035 sed
702 2011 725 2036 a
753 1998 1036 2049 grammaticis
1077 1998 1257 2050 plurima
1297 2002 1533 2037 mutuatum
1570 2011 1657 2036 esse

367 2071 693 2124 comprobemus,
725 2072 767 2111 id
797 2073 908 2124 quod
935 2075 1018 2112 iam
1047 2088 1243 2112 numerus
1273 2075 1469 2123 locorum,
1501 2073 1545 2111 in
1566 2073 1655 2123 qui-

365 2147 443 2186 bus
473 2148 643 2187 Servius
672 2148 747 2187 hos
776 2149 1025 2188 nominatim
1061 2150 1171 2200 citat,
1218 2148 1489 2198 demonstrat;
1533 2152 1658 2187 vocat

367 2223 479 2262 enim
508 2224 551 2262 in
580 2228 719 2275 partes
747 2229 912 2276 praeter
940 2226 1117 2276 Vergilii
1146 2226 1411 2277 interpretes:

496 2374 528 2415 δί·)
562 2375 754 2408 cf.'Va1·1·o:
792 2376 833 2409 de
868 2388 964 2410 serm.
999 2377 1055 2410 lat.
1080 2378 1123 2411 V.
1159 2378 1197 2410 fr.
1232 2377 1289 2414 89:
1332 2377 1436 2409 Vilm:
1475 2377 1554 2408 Isid.
1589 2375 1656 2409 diff.

367 2440 456 2472 verb.
481 2440 537 2480 91;
561 2439 817 2475 Reifferscheid:
841 2441 941 2484 gloss.
965 2443 1135 2487 Sangerm.
1160 2442 1389 2486 apl-Hildebr.
1413 2454 1467 2488 pg.
1490 2445 1542 2478 80.
