1874 2917
739 146 978 188 —81-

220 304 314 344 vius
342 303 429 340 sine
458 301 542 339 ullo
572 299 808 339 discrimine
838 301 975 338 omnia
1012 299 1241 349 confundit,
1286 313 1390 351 quae
1429 303 1501 338 aut

222 393 271 418 ex
298 377 426 417 Probi
469 376 660 427 genuinis
703 375 1039 414 annotationibus
1076 376 1176 427 ipsis
1214 380 1286 414 aut
1322 389 1372 413 ex
1409 375 1500 413 aliis

185 441 197 449 ”
222 451 522 503 antiquioribus
551 450 788 489 auctoribus
816 451 943 489 Probi
986 449 1174 489 doctrina
1215 451 1300 489 usis
1343 455 1414 488 aut
1451 464 1500 488 ex

222 527 499 567 recentiorum
539 526 707 563 illorum
748 526 1079 576 artigraphorum
1120 526 1237 564 libris
1278 526 1417 563 hausit
1458 524 1501 563 id

223 599 333 653 quod
352 605 394 641 et
412 600 598 638 Keilium
620 599 774 650 optime
795 600 992 651 exemplis
1011 600 1238 638 illustrasse
1266 600 1349 637 iam
1378 613 1501 651 supra

223 674 632 714 commemoravimus
663 678 704 711 et
731 686 806 711 nos
835 674 912 711 hoc
949 675 1039 712 loco
1082 675 1204 725 paulo
1248 674 1501 712 enucleatius

224 755 265 790 et
293 750 523 788 accuratius
552 747 851 787 demonstrasse
879 753 1082 801 putamus.

350 826 521 863 Praeter
561 824 689 862 Probi
730 824 857 861 libros
900 825 1068 862 Servius
1110 838 1304 875 persaepe
1346 825 1501 862 Donati

224 899 549 947 commentarios,
582 903 623 937 et
651 898 912 949 Vergilianos
943 899 1013 949 qui
1040 899 1252 949 perierunt
1281 904 1322 937 et
1350 900 1501 937 Teren-

223 975 357 1012 tianos
388 974 458 1023 qui
486 977 669 1010 nostram
697 973 884 1010 tulerunt
912 976 1097 1026 aetatem,
1130 977 1252 1022 atque
1273 977 1380 1010 artes
1401 973 1503 1023 quin

223 1047 449 1100 inspexerit
478 1046 527 1085 de
557 1047 723 1099 syntaxi
764 1047 931 1098 linguae
973 1048 1125 1086 latinae
1167 1046 1368 1086 disserens
1411 1048 1502 1099 quis

225 1128 286 1161 est
315 1123 385 1173 qui
415 1121 602 1160 dubitet?
658 1122 697 1159 A
725 1122 839 1159 nullo
870 1122 979 1159 enim
1008 1123 1265 1172 superiorum
1301 1123 1501 1173 interpre-

224 1203 313 1237 tum
342 1198 434 1249 plus
464 1197 632 1236 Servius
669 1197 818 1248 petivit
848 1211 970 1248 quam
1005 1197 1054 1236 ab
1084 1197 1202 1236 Aelio
1232 1198 1406 1247 Donato,
1452 1196 1504 1236 ad

226 1287 357 1323 quem,
407 1286 653 1322 quamquam
701 1273 789 1322 ipse
831 1273 999 1310 Servius
1042 1274 1203 1323 saepius
1246 1286 1338 1310 eum
1381 1286 1504 1323 quani

226 1352 382 1385 ceteros
403 1347 750 1395 commemoravit⁷
781 1347 976 1398 permulti
1005 1348 1172 1398 insuper
1200 1348 1281 1385 loci
1300 1346 1505 1385 referendi

227 1426 332 1471 sunt⁷
371 1422 415 1459 in
446 1422 593 1472 quibus
621 1422 866 1459 nominatim
897 1435 990 1459 eum
1018 1435 1101 1459 non
1131 1422 1287 1471 citavit⁷
1324 1422 1365 1460 id
1396 1421 1504 1473 quod

226 1497 403 1535 maxime
432 1497 645 1548 probabile
674 1497 721 1534 fit
750 1497 997 1548 comparatis
1017 1497 1171 1535 Donati
1191 1502 1230 1535 et
1252 1497 1302 1536 ad
1322 1498 1505 1536 Terentii

227 1571 457 1609 comoedias
500 1571 806 1609 commentariis
849 1576 890 1608 et
932 1572 1100 1609 artibus.
1158 1573 1380 1610 Nominato
1416 1574 1504 1623 qui-

227 1645 320 1685 dem
349 1660 396 1685 eo
425 1660 523 1685 usus
553 1650 615 1684 est
643 1646 811 1685 Servius
846 1645 895 1684 de
938 1647 1104 1698 syntaxi
1146 1647 1312 1698 linguae
1354 1649 1506 1687 latinae

228 1720 442 1772 disputans
471 1734 556 1759 non
585 1721 761 1772 amplius
790 1735 913 1772 quam
941 1722 1021 1760 bis:
1065 1721 1126 1760 ad.
1158 1723 1244 1760 Ecl.
1275 1724 1349 1762 ΠΙ.
1380 1725 1433 1762 38
1466 1729 1506 1762 et

228 1794 278 1834 ad
312 1796 414 1835 Aen.
447 1797 544 1835 XII.
576 1797 664 1835 585.
722 1797 859 1835 Hosce
906 1802 1042 1835 autem
1085 1798 1196 1836 locos
1239 1798 1290 1836 ad
1332 1799 1507 1838 eundem

228 1871 440 1909 Donatum
470 1876 541 1909 aut
570 1875 935 1910 commentatorem
965 1877 1035 1911 aut
1072 1875 1386 1924 grammaticum
1416 1889 1506 1925 per-

228 1945 361 1983 tinere
389 1951 592 1997 putamus,
625 1959 726 1997 quos
754 1946 835 1984 iam
866 1960 988 1998 supra
1016 1948 1282 1987 contulimus:

310 2021 423 2060 Serv.
455 2020 507 2059 ad
534 2022 635 2060 Aen.
668 2022 715 2059 V.
750 2023 798 2059 19
829 2045 844 2051 -
874 2023 988 2061 Serv.
1020 2022 1071 2061 ad
1098 2024 1246 2074 Donatt
1278 2039 1315 2076 p.
1346 2026 1425 2063 420,
1455 2028 1505 2064 K.

309 2096 423 2135 Serv.
455 2094 506 2133 ad
534 2096 636 2134 Aen.
668 2097 698 2134 Ι.
732 2097 805 2135 181
839 2120 854 2125 -
883 2098 988 2135 13011.
1021 2096 1072 2135 ἃᾶ
1099 2097 1226 2137 Andr.
1259 2099 1289 2138 T.
1327 2101 1424 2148 12¹5.

310 2171 423 2211 Serv.
455 2170 508 2209 ad
534 2171 637 2210 Aen.
668 2173 696 2210 Ι.
729 2173 779 2211 14

310 2246 424 2285 Serv.
455 2245 507 2284 ad
534 2246 638 2286 Aen.
668 2248 695 2284 1.
727 2247 777 2285 75
855 2270 871 2276 -
900 2247 1005 2286 Don.
1037 2247 1088 2286 ad
1117 2250 1220 2287 Eun.
1253 2251 1305 2288 H.
1338 2252 1439 2301 243.

311 2322 424 2360 Serv.
456 2321 506 2359 ad
526 2322 617 2359 Aen
636 2322 712 2360 IX.
735 2322 786 2360 ⁶26
808 2275 821 2361 i

311 2395 424 2437 Serv.
456 2394 508 2434 ad
535 2395 638 2435 Aen.
670 2397 697 2434 Ι.
730 2396 780 2434 96
810 2420 825 2425 -
855 2397 960 2436 13011.
991 2412 1028 2449 p.
1060 2400 1138 2437 355
1168 2404 1209 2436 et
1237 2413 1274 2450 p.
1306 2401 1385 2439 375
1413 2403 1465 2441 K.

1299 2478 1319 2508 6
