1874 2917
763 188 1000 226 -5—

240 340 427 390 clamaffl,
472 338 516 378 id
544 348 606 378 est
633 344 767 378 torve:
810 339 912 378 item
940 338 1181 378 adverbium
1208 339 1253 377 in
1281 351 1443 388 nomen,
1473 340 1522 377 ut

242 418 395 467 (georg.
426 417 495 454 ΠΙ.
526 416 619 465 325)
663 414 761 454 dum
806 416 973 467 „mane“
1013 428 1169 454 novum
1198 419 1366 466 accepta
1395 413 1519 453 decli-

239 490 408 528 natione
442 490 599 527 factum
628 493 690 527 est
717 502 878 539 nomen,
924 490 983 527 sio
1010 490 1178 527 Persius
1209 490 1270 540 [V.
1302 490 1366 539 68]
1414 489 1520 539 ⁷,iam

240 579 328 604 cras
355 565 595 603 hesternum
624 565 969 619 consumpsimus3
1001 578 1094 603 ecce
1115 563 1227 603 aliud
1258 564 1409 616 „cras“.
1449 562 1520 602 sed

239 653 391 677 nomen
419 653 513 677 cum
542 638 783 678 adverbium
803 653 890 677 esse
910 640 1101 690 coeperit,
1133 638 1380 677 declinatur:
1411 637 1519 676 unde

239 715 298 753 ait
322 715 496 753 Plautus
527 715 715 764 (mostell.
738 715 806 752 111.
829 715 934 765 2,80)
968 728 1016 765 „a
1043 714 1156 753 mani
1184 713 1236 752 ad
1261 713 1516 766 vesperum“.

242 802 289 840 „a
326 789 470 828 mane“
516 793 654 826 autem
690 793 859 839 propter
894 789 1100 840 triptoton
1135 802 1221 827 non
1258 788 1380 827 dixit:
1425 802 1519 826 cum

239 864 349 902 enim
377 863 421 901 in
450 863 630 901 alienum
658 863 722 901 ius
751 867 966 902 transeunt
1002 863 1079 902 hae
1115 868 1262 915 partes,
1307 877 1392 902 non
1434 864 1518 902 suis

238 937 310 976 sed
339 952 480 976 earum
508 937 560 977 ad
589 952 689 989 quas
727 938 975 987 transierint,
1020 943 1195 977 utuntur
1230 939 1515 991 potestatibus,

238 1012 453 1052 dumtaxat
494 1014 539 1052 in
569 1012 855 1052 declinatione.
899 1027 996 1052 nam
1041 1018 1274 1065 temporum
1314 1015 1518 1053 rationem

238 1101 354 1126 suam
382 1087 647 1138 reservantff)

276 1167 334 1203 A.
364 1167 434 1202 11.
465 1167 541 1202 De
572 1168 850 1203 verborum
881 1167 1213 1203 ordinatione
1242 1168 1385 1203 inter
1413 1178 1483 1204 se.

506 1236 612 1279 Aelii
639 1237 783 1279 Donati
811 1249 945 1279 comm.
974 1237 1016 1278 in
1046 1237 1239 1279 Terentii:

364 1312 441 1352 Ad.
472 1314 574 1365 prol.
608 1315 657 1352 15
693 1327 800 1363 nam,
845 1313 1072 1365 incipiendi
1100 1314 1187 1352 vim
1223 1314 1347 1353 habet
1383 1313 1515 1353 modo.

235 1387 342 1427 And.
364 1390 393 1427 I.
417 1390 508 1439 138
527 1388 638 1440 quod
656 1389 842 1441 plerique
862 1402 1013 1428 omnes.
1071 1390 1185 1428 Haeo
1211 1388 1386 1428 adiectio
1416 1389 1516 1429 dioi-

235 1469 303 1502 tur
339 1465 384 1502 in
420 1465 552 1516 primo
595 1465 731 1516 posita
766 1466 869 1504 loco.
927 1464 1194 1504 Adiectiones
1231 1479 1329 1504 vero
1367 1470 1439 1504 aut
1473 1466 1517 1504 in

235 1540 368 1591 prima
396 1545 512 1591 parte
542 1541 752 1590 orationis,
784 1545 856 1580 aut
883 1541 928 1578 in
956 1541 1103 1579 ultima
1132 1539 1378 1580 adiciuntur.

620 1615 749 1658 Servii
777 1627 912 1657 comm.
942 1615 984 1657 in
1012 1615 1150 1668 Verg.:

362 1691 464 1728 Aen.
487 1691 518 1728 I.
541 1692 591 1728 32
621 1691 750 1728 maria
769 1691 907 1729 omnia
927 1691 1092 1729 circum.
1125 1692 1169 1729 in
1197 1692 1279 1729 fine
1299 1674 1514 1730 accentum

234 1765 424 1816 ponimus
440 1769 583 1803 contra
600 1779 754 1804 morem
769 1766 961 1804 latinum:
989 1765 1061 1804 sed
1075 1756 1285 1818 corruptio
1300 1767 1380 1805 hoc
1395 1767 1512 1817 facit3

233 1853 409 1890 namque
437 1841 687 1891 praepositio
715 1841 946 1892 postposita
973 1846 1167 1892 corrupta
1187 1846 1248 1880 est
1268 1843 1355 1880 sine
1376 1841 1512 1880 dubio.

361 1915 463 1954 Aen.
494 1916 522 1953 J.
557 1917 643 1954 181.
701 1916 868 1954 Anthea
887 1916 922 1954 si
947 1930 1069 1968 quem
1100 1947 1107 1955 .
1140 1948 1147 1955 .
1180 1948 1187 1955 .
1218 1930 1317 1955 usus
1347 1921 1408 1956 est
1435 1917 1513 1956 hoc

233 2004 383 2040 genere
404 1991 658 2040 elocutionis,
692 2000 772 2042 quo
794 1996 835 2030 et
854 1992 1082 2039 Terentius,
1115 1993 1186 2043 qui
1205 1991 1310 2030 dixit
1340 1992 1514 2042 (Andria

233 2066 261 2103 l.
286 2064 439 2115 1284‘4‘)
473 2065 608 2117 „quod
627 2067 812 2118 plerique
835 2080 976 2105 omnes
994 2067 1156 2106 faciunt
1175 2066 1509 2106 adulescentuli“.

232 2141 348 2190 atqui
375 2141 481 2178 nihil
509 2145 594 2179 tam
623 2142 884 2192 contrarium,
917 2156 1057 2181 omnes
1087 2139 1197 2180 enim
1217 2144 1407 2193 generale
1437 2147 1508 2192 est,

231 2215 416 2266 plerique
446 2216 638 2267 speciale:
683 2215 782 2255 ordo
812 2230 910 2268 ergo
941 2221 1012 2267 est,
1045 2216 1155 2269 quod
1183 2231 1323 2256 omnes
1352 2217 1512 2256 faciunt

231 2288 539 2340 adulescentuli,
598 2296 645 2329 ut
686 2292 870 2330 animum
912 2291 964 2330 ad
1005 2291 1172 2343 aliquod
1214 2291 1398 2330 studium
1439 2291 1509 2330 ad-

358 2397 390 2439 4⁶)
416 2400 456 2431 ef.
481 2400 621 2441 Pompei
645 2411 761 2432 comm.
784 2411 815 2442 p.
842 2401 903 2433 13ss
927 2402 968 2433 K.

357 2451 410 2494 Η)
437 2454 478 2484 cf.
503 2454 628 2486 Donati
652 2458 824 2487 comment.
850 2455 901 2486 ad.
925 2455 955 2487 11.
979 2466 1008 2486 v.
