1874 2917
891 191 1132 233 -74-

495 344 662 383 Velium
701 345 895 396 Longum
937 348 1081 383 contra
1122 345 1297 396 Bergkii
1340 345 1459 395 (1845
1488 358 1526 397 p.
1559 345 1651 396 117)

366 420 605 471 opinionem
624 421 796 471 Vergilii
816 424 888 459 aut
907 421 1046 459 omnia
1065 421 1247 459 carmina
1267 425 1339 459 aut
1358 421 1487 459 solam
1501 421 1653 461 Aenei-

367 494 459 533 dem
489 499 814 533 commentatum
849 509 937 534 esse
964 496 1186 534 Ribbeckii
1229 496 1361 534 secuti
1404 496 1653 535 sententiam

367 571 595 622 opinamur.
658 571 905 608 Plenissime
947 571 1057 609 enim
1099 585 1186 609 rem
1228 570 1500 622 comprobant
1540 571 1653 622 frag·

367 650 506 684 menta
527 659 631 698 quae
651 659 700 684 ex
721 645 831 685 Velii
851 646 988 697 Longi
1008 646 1315 685 commentariis
1335 650 1498 686 servata
1519 650 1616 686 sunt
1631 660 1654 686 a

367 722 590 761 scholiasta
618 721 901 772 Veronensifi‘)

496 809 541 856 Q.
573 808 814 847 Terentium
843 808 1123 858 Scauru1n‚*³‘)
1162 807 1365 847 Hadriani
1397 809 1654 861 temporibus

366 884 685 934 grammaticum
727 884 794 921 vel
836 884 1141 922 nobilissimum
1186 884 1306 933 (Gell.
1342 888 1451 921 noct.
1482 884 1595 922 attic.
1625 885 1651 922 l.

366 959 442 996 XI.
468 958 592 997 15÷÷÷÷÷÷
602 966 621 1007 ),
653 963 716 996 ter
735 957 877 996 laudat
897 958 1119 997 scholiasta
1139 958 1398 997 Veronensis.
1456 959 1654 997 Bucolica

366 1032 543 1072 eundem
572 1037 897 1071 commentatum
927 1047 1014 1071 esse
1043 1034 1199 1072 scholia
1227 1033 1454 1072 Bernensia
1483 1032 1550 1083 (ad
1579 1034 1650 1072 ecl.

366 1109 481 1148 VIH.
513 1109 582 1158 65)
613 1107 910 1147 demonstrant.

498 1195 690 1233 Caesellii
723 1194 1024 1244 Vindicismm)
1053 1195 1396 1233 commentarium
1424 1195 1651 1233 lectionum

367 1271 632 1320 antiquarum
661 1273 955 1308 commemorat
984 1269 1146 1320 saepius
1176 1269 1346 1319 Gellius,
1392 1269 1509 1308 cuius
1546 1269 1678 1308 eius-'

367 1343 460 1382 dem
489 1345 586 1382 libri
615 1344 690 1382 sub
719 1345 843 1382 titulo
873 1346 1175 1393 „stromateus“
1211 1342 1438 1382 identidem
1474 1344 1652 1382 Priscia-

366 1433 444 1457 nus
474 1419 727 1457 mentionem
755 1419 874 1467 facit;
904 1432 999 1456 nam
1029 1418 1139 1457 hunc
1168 1419 1338 1456 titulum
1367 1419 1543 1457 alterum
1570 1419 1652 1457 lec-

366 1494 528 1531 tionum
548 1494 824 1544 antiquarum,
847 1493 1000 1531 librum
1020 1492 1196 1531 eundem
1215 1493 1414 1531 habemus
1433 1493 1654 1532 Ritschelii

367 1570 541 1619 (parerg.
564 1569 699 1606 Plaut.
721 1569 752 1609 I.
775 1582 812 1619 p.
835 1569 942 1617 360),
973 1568 1282 1606 Kretzschmeri
1313 1569 1364 1619 (p.
1387 1568 1465 1617 96),
1497 1568 1654 1607 Osanm‘

367 1643 513 1694 (symb.
558 1643 611 1681 II.
655 1657 694 1695 p.
740 1643 845 1693 330),
896 1642 1194 1681 Graefenhanii
1238 1643 1322 1692 (IV.
1367 1643 1434 1692 68)
1478 1642 1653 1681 aliorum

365 1719 551 1757 virorum
589 1717 805 1757 doctorum
850 1719 1076 1756 sententias
1119 1719 1251 1756 secuti
1293 1722 1437 1756 contra
1465 1718 1654 1757 Lerschii

367 1794 405 1842 (l.
437 1794 478 1843 l.)
510 1797 552 1831 et
580 1794 625 1832 L.
656 1794 878 1832 Mercklini
915 1794 952 1842 (l.
984 1794 1028 1842 l.)
1066 1793 1291 1845 opiniones.
1351 1793 1478 1832 Cuius
1516 1793 1652 1845 operis

364 1869 572 1919 permulta
628 1869 863 1919 fragmenta
919 1869 1189 1919 grammatica
1245 1868 1442 1907 exhibent
1492 1868 1652 1906 Gellius

366 1943 578 1982 Charisius
607 1944 855 1982 Priscianus.
956 1937 960 1940 ⁴

494 2018 669 2069 Sulpicii
690 2018 945 2069 Apollinaris
966 2018 1321 2068 Carthaginiensis
1350 2031 1471 2068 quem
1492 2017 1653 2055 Gellius

365 2091 603 2131 adolescens
623 2094 781 2132 Romae
810 2092 1108 2142 audivit,*****l)
1139 2092 1529 2131 commentariorum
1549 2093 1651 2131 Ver-

492 2200 525 2237 ⁷''‘)
551 2202 592 2232 cf.
617 2202 792 2242 Suringar:
817 2202 861 2232 ΙΙ.
886 2212 917 2243 p.
944 2202 1005 2232 185
1029 2212 1099 2242 sqq.

491 2243 545 2281 Η)
572 2246 798 2275 Graefenhan:
824 2244 884 2275 [V.
910 2255 939 2285 p.
965 2246 1006 2275 88
1030 2256 1077 2285 sq.
1103 2248 1136 2275 et
1160 2255 1190 2285 p.
1215 2244 1279 2276 300
1302 2255 1349 2284 sq.

363 2330 380 2341 ἢ
492 2286 569 2326 ΗΗΕ)
608 2288 649 2318 cf.
688 2288 816 2317 Ans-on.
855 2298 906 2328 ep.
945 2287 1078 2317 XVIII.
1117 2287 1159 2317 25
1196 2290 1229 2317 et
1272 2286 1412 2327 praefat.
1456 2286 1497 2316 ad
1536 2287 1650 2326 Syagr.

362 2332 405 2359 ⁰⁰
428 2340 458 2371 p.
483 2329 588 2411 ἶζιῆ)
616 2373 753 2404 Lersch:
789 2377 852 2404 act.
888 2373 993 2403 diurn.
1029 2374 1132 2414 antiq.
1161 2372 1242 2403 1⁸40
1265 2383 1294 2413 p.
1322 2372 1381 2403 109
1411 2382 1481 2416 sqq.
1511 2375 1545 2403 et
1569 2371 1648 2405 1841

363 2426 394 2457 p—
423 2416 609 2495 Ῑῑοιικ4(ζὲὲὲὲο
636 2459 677 2489 cf.
702 2458 883 2489 Mcrcklin:
908 2469 939 2499 p.
964 2459 1035 2490 1359.
