1874 2917
801 193 1039 233 „56-

280 348 342 382 tas
373 358 460 382 esse
489 348 631 383 nostro
661 345 749 383 iure
777 349 924 396 putare
953 345 1168 397 possimus
1212 344 1256 384 id
1285 344 1396 397 quod
1423 346 1566 398 paucis

281 419 480 471 exemplis
510 424 551 458 et
580 433 630 458 ex
658 420 832 472 Pompei
869 420 1153 472 copiosissimo
1183 425 1416 460 commento
1446 425 1488 460 et
1516 436 1566 460 ex

280 494 417 533 Servii
436 495 733 533 commentario
755 499 796 533 et
816 509 865 533 ex
897 496 1058 546 [Sergii]
1090 496 1380 547 explanatione
1407 496 1566 535 haustis

280 570 491 609 illustrare
521 574 646 621 atque
675 569 955 609 demonstrare
984 570 1104 609 nobis
1132 571 1266 609 liceat.

409 646 471 684 Ac
500 645 681 697 primum
711 644 877 696 quidem
905 644 955 684 de
985 645 1184 684 orationis
1212 646 1400 697 partibus
1425 645 1565 698 dispu-

282 725 375 759 tans
403 720 628 772 Pompeius
656 733 695 771 p.
726 720 807 759 250
834 721 886 759 K.
918 733 1012 759 cum
1041 720 1121 759 alia
1150 724 1240 759 tum
1268 720 1369 760 haec
1397 721 1472 762 ait:

409 796 501 833 Hoc
537 794 648 846 quod
685 794 797 833 dicit.
855 794 1080 833 tenendum
1121 795 1242 834 nobis
1285 800 1348 834 est
1389 794 1568 835 fideliter

281 885 313 909 e.
346 885 383 922 q.
416 886 445 909 s.
505 871 606 917 Quis
635 869 762 909 dicit?
817 871 1022 919 Donatus3
1067 885 1164 909 nam
1206 871 1310 910 alius
1354 885 1441 910 esse
1483 884 1567 909 non

281 950 430 998 potest,
476 950 523 983 ut
565 958 640 984 nos
686 944 853 996 quidem
894 949 1099 997 putamus.
1156 946 1206 983 In
1239 945 1395 984 Donati
1429 949 1567 984 autem

284 1021 442 1060 artibus
462 1035 513 1059 ne
539 1035 668 1059 unum
689 1020 855 1072 quidem
875 1021 1048 1059 verbum
1068 1022 1144 1059 hac
1166 1020 1215 1059 de
1234 1035 1278 1059 re
1298 1021 1569 1072 grammatica

280 1096 470 1146 legimus.
527 1096 622 1134 Huc
652 1094 821 1145 accedit,
867 1095 978 1147 quod
1007 1095 1057 1133 de
1087 1094 1229 1134 eadem
1257 1110 1301 1134 re
1330 1100 1372 1134 et
1400 1096 1568 1134 Servius

282 1185 321 1223 p.
352 1171 525 1220 428‚439
554 1172 606 1209 K.
639 1175 680 1209 et
709 1171 879 1222 Sergius
909 1185 946 1222 p.
976 1172 1055 1209 813
1084 1171 1136 1209 K.
1175 1170 1390 1210 verbosius
1428 1169 1567 1222 dispu-

282 1250 383 1295 tant,
430 1259 550 1297 quam
581 1251 628 1284 ut
657 1259 731 1283 suo
760 1246 890 1297 ipsius
918 1246 1087 1297 ingenio
1117 1246 1315 1298 petivisse
1342 1245 1566 1297 potuerint,

282 1322 526 1374 praesertim
565 1335 659 1360 cum
689 1320 739 1360 ad
768 1322 942 1360 verbum
977 1322 1064 1360 fere
1101 1322 1211 1360 inter
1247 1336 1289 1361 se
1325 1321 1402 1359 hac
1439 1320 1489 1359 de
1525 1335 1568 1360 re

282 1398 554 1436 consentiant.
603 1397 759 1436 Donati
780 1397 889 1435 enim
909 1402 1281 1436 commentatorum
1301 1399 1452 1437 mirum
1476 1412 1568 1450 per-

284 1486 405 1524 saepe
426 1486 672 1511 consensum
697 1473 932 1523 intelligere
959 1473 1079 1511 nobis
1108 1473 1216 1522 licet⁷
1249 1487 1370 1524 quem
1398 1487 1483 1511 non
1510 1474 1570 1511 ita

284 1548 441 1586 factum
473 1561 560 1585 esse
588 1551 792 1598 putamus⁷
825 1553 871 1585 ut
900 1561 949 1585 ex
969 1548 1114 1586 Servio
1144 1548 1215 1586 alii
1243 1548 1467 1598 haurirent,
1499 1547 1570 1586 sed

282 1623 352 1671 ita,
385 1627 432 1661 ut
461 1636 603 1661 omnes
622 1623 777 1661 Donati
808 1621 996 1661 doctrina
1024 1623 1087 1661 usi
1118 1622 1169 1661 ad
1188 1622 1362 1662 verbum
1389 1624 1569 1675 plerum-

282 1711 361 1749 que
392 1711 441 1736 ex
471 1697 629 1736 artibus
658 1697 770 1736 illius
805 1695 1012 1750 descripta
1053 1696 1175 1736 inodo
1217 1697 1405 1750 pluribus
1448 1696 1569 1737 modo

282 1773 513 1811 minoribus
544 1787 592 1811 ex
622 1773 707 1810 suis
737 1773 920 1824 ipsorum
949 1773 1129 1824 ingeniis
1149 1774 1291 1824 petitis
1312 1778 1568 1811 exornarent.

283 1847 471 1895 Quadere
515 1848 707 1899 quotiens
745 1846 794 1885 de
825 1848 1064 1899 quaestione
1096 1846 1271 1899 quadam
1300 1848 1571 1899 grammatica

283 1924 327 1962 in
358 1937 481 1974 quam
510 1925 722 1961 Donatum
751 1923 1016 1973 inquisivisse
1046 1923 1127 1960 iam
1157 1936 1242 1961 non
1276 1922 1570 1961 animadverti-

282 2012 374 2037 mus
419 2011 560 2037 omnes
603 2002 686 2036 tres
730 2001 1075 2037 commentatores
1103 1997 1259 2036 Donati
1293 1997 1568 2048 consentiunt,

284 2089 374 2113 eam
394 2075 549 2112 Donati
579 2074 729 2111 artium
758 2079 918 2124 partem
947 2078 1150 2111 mutatam
1179 2087 1266 2111 esse
1295 2078 1366 2111 aut
1394 2087 1418 2111 a
1446 2072 1572 2111 medii

284 2150 377 2188 aevi
407 2149 678 2201 scriptoribus
707 2153 779 2187 aut
807 2163 831 2187 a
859 2149 1004 2200 primis
1033 2148 1184 2187 artium
1212 2149 1368 2187 Donati
1403 2147 1570 2187 editori-

283 2226 360 2263 bus
404 2231 546 2262 nost-ro
589 2225 677 2262 iure-
725 2224 913 2262 conicere
959 2237 1188 2274 possumne,
1238 2236 1486 2273 quamquam
1530 2227 1572 2260 et

286 2299 478 2350 Sergium
518 2303 559 2337 et
592 2298 839 2351 Pompeium
881 2312 966 2338 non
1007 2311 1233 2350 numquam
1270 2312 1319 2337 ex
1356 2297 1491 2338 Servii
1527 2297 1579 2336 in

285 2376 441 2413 Donati
478 2381 586 2413 artes
624 2375 931 2412 commentariis
968 2374 1153 2412 hausisse
1190 2374 1358 2412 omnino
1387 2387 1472 2411 non
1500 2387 1570 2410 ne-

289 2464 446 2503 gamus.
505 2450 696 2504 Exempli
734 2454 871 2489 autem
909 2463 1031 2489 causa
1068 2448 1227 2502 aliquot
1262 2449 1431 2503 insuper
1458 2448 1571 2489 locos
