<?xml version="1.0" encoding="UTF-8"?>
<!DOCTYPE html PUBLIC "-//W3C//DTD XHTML 1.0 Transitional//EN"
    "http://www.w3.org/TR/xhtml1/DTD/xhtml1-transitional.dtd">
<html xmlns="http://www.w3.org/1999/xhtml" xml:lang="en" lang="en">
 <head>
  <title>
</title>
<meta http-equiv="Content-Type" content="text/html;charset=utf-8" />
  <meta name='ocr-system' content='tesseract 3.04.00' />
  <meta name='ocr-capabilities' content='ocr_page ocr_carea ocr_par ocr_line ocrx_word'/>
</head>
<body>
  <div class='ocr_page' id='page_1' title='image "4737347_0079.png"; bbox 0 0 1874 2917; ppageno 0'>
   <div class='ocr_carea' id='block_1_1' title="bbox 889 176 1173 223">
    <p class='ocr_par' dir='ltr' id='par_1_1' title="bbox 889 176 1173 223">
     <span class='ocr_line' id='line_1_1' title="bbox 889 176 1173 223; baseline -0.007 -9"><span class='ocrx_word' id='word_1_1' title='bbox 889 176 1173 223; x_wconf 65' lang='grc'><strong>-78-.</strong></span> 
     </span>
    </p>
   </div>
   <div class='ocr_carea' id='block_1_2' title="bbox 360 335 1651 535">
    <p class='ocr_par' dir='ltr' id='par_1_2' title="bbox 360 335 1651 535">
     <span class='ocr_line' id='line_1_2' title="bbox 360 335 1649 385; baseline 0.001 -12"><span class='ocrx_word' id='word_1_2' title='bbox 360 347 445 373; x_wconf 89' lang='lat' dir='ltr'><strong>non</strong></span> <span class='ocrx_word' id='word_1_3' title='bbox 473 335 589 373; x_wconf 83' lang='lat' dir='ltr'><strong>nulla</strong></span> <span class='ocrx_word' id='word_1_4' title='bbox 618 335 710 372; x_wconf 88' lang='lat' dir='ltr'><strong>aliis</strong></span> <span class='ocrx_word' id='word_1_5' title='bbox 740 349 789 372; x_wconf 88' lang='lat' dir='ltr'><strong>ex</strong></span> <span class='ocrx_word' id='word_1_6' title='bbox 817 335 935 373; x_wconf 89' lang='lat' dir='ltr'><strong>libris</strong></span> <span class='ocrx_word' id='word_1_7' title='bbox 973 335 1255 385; x_wconf 75' lang='lat' dir='ltr'><strong>grammaticis</strong></span> <span class='ocrx_word' id='word_1_8' title='bbox 1292 335 1440 373; x_wconf 83' lang='lat' dir='ltr'><strong>hausta</strong></span> <span class='ocrx_word' id='word_1_9' title='bbox 1468 349 1518 373; x_wconf 86' lang='lat' dir='ltr'><strong>ex</strong></span> <span class='ocrx_word' id='word_1_10' title='bbox 1546 336 1649 375; x_wconf 90' lang='lat' dir='ltr'><strong>Ver-</strong></span> 
     </span>
     <span class='ocr_line' id='line_1_3' title="bbox 361 407 1651 460; baseline 0.001 -13"><span class='ocrx_word' id='word_1_11' title='bbox 361 409 453 459; x_wconf 85' lang='lat' dir='ltr'>gilii</span> <span class='ocrx_word' id='word_1_12' title='bbox 496 408 803 447; x_wconf 87' lang='lat' dir='ltr'><strong>commentariis</strong></span> <span class='ocrx_word' id='word_1_13' title='bbox 850 407 1096 460; x_wconf 88' lang='lat' dir='ltr'><strong>quibusdam</strong></span> <span class='ocrx_word' id='word_1_14' title='bbox 1142 408 1340 460; x_wconf 75' lang='lat' dir='ltr'>petivisse</span> <span class='ocrx_word' id='word_1_15' title='bbox 1383 407 1558 460; x_wconf 89' lang='lat' dir='ltr'><strong>videtur,</strong></span> <span class='ocrx_word' id='word_1_16' title='bbox 1607 408 1651 449; x_wconf 92' lang='lat' dir='ltr'><strong>id</strong></span> 
     </span>
     <span class='ocr_line' id='line_1_4' title="bbox 361 482 1478 535; baseline 0.001 -14"><span class='ocrx_word' id='word_1_17' title='bbox 361 483 472 534; x_wconf 88' lang='lat' dir='ltr'><strong>quod</strong></span> <span class='ocrx_word' id='word_1_18' title='bbox 500 483 610 522; x_wconf 89' lang='lat' dir='ltr'><strong>infra</strong></span> <span class='ocrx_word' id='word_1_19' title='bbox 639 484 739 522; x_wconf 89' lang='lat' dir='ltr'><strong>satis</strong></span> <span class='ocrx_word' id='word_1_20' title='bbox 769 482 1124 521; x_wconf 74' lang='lat' dir='ltr'><strong>demonstraturos</strong></span> <span class='ocrx_word' id='word_1_21' title='bbox 1151 496 1228 522; x_wconf 89' lang='lat' dir='ltr'><strong>nos</strong></span> <span class='ocrx_word' id='word_1_22' title='bbox 1257 497 1478 535; x_wconf 90' lang='lat' dir='ltr'><strong>speramus.</strong></span> 
     </span>
    </p>
   </div>
   <div class='ocr_carea' id='block_1_3' title="bbox 359 575 1662 1986">
    <p class='ocr_par' dir='ltr' id='par_1_3' title="bbox 359 575 1662 1986">
     <span class='ocr_line' id='line_1_5' title="bbox 489 575 1662 634; baseline 0.001 -15"><span class='ocrx_word' id='word_1_23' title='bbox 489 581 578 619; x_wconf 89' lang='lat' dir='ltr'><strong>Hos</strong></span> <span class='ocrx_word' id='word_1_24' title='bbox 621 585 760 619; x_wconf 87' lang='lat' dir='ltr'><strong>autem</strong></span> <span class='ocrx_word' id='word_1_25' title='bbox 802 584 1150 619; x_wconf 82' lang='lat' dir='ltr'><strong>commentatores</strong></span> <span class='ocrx_word' id='word_1_26' title='bbox 1187 580 1356 620; x_wconf 87' lang='lat' dir='ltr'><strong>Servius</strong></span> <span class='ocrx_word' id='word_1_27' title='bbox 1399 582 1564 634; x_wconf 87' lang='lat' dir='ltr'><strong>saepius</strong></span> <span class='ocrx_word' id='word_1_28' title='bbox 1604 575 1662 620; x_wconf 83' lang='lat' dir='ltr'><strong>in¹</strong></span> 
     </span>
     <span class='ocr_line' id='line_1_6' title="bbox 361 654 1646 708; baseline 0.001 -14"><span class='ocrx_word' id='word_1_29' title='bbox 361 660 499 708; x_wconf 87' lang='lat' dir='ltr'><strong>partes</strong></span> <span class='ocrx_word' id='word_1_30' title='bbox 528 660 651 694; x_wconf 86' lang='lat' dir='ltr'><strong>vocat</strong></span> <span class='ocrx_word' id='word_1_31' title='bbox 671 660 743 694; x_wconf 87' lang='lat' dir='ltr'><strong>aut</strong></span> <span class='ocrx_word' id='word_1_32' title='bbox 762 660 932 708; x_wconf 88' lang='lat' dir='ltr'><strong>propter</strong></span> <span class='ocrx_word' id='word_1_33' title='bbox 953 656 1104 694; x_wconf 89' lang='lat' dir='ltr'><strong>eximia</strong></span> <span class='ocrx_word' id='word_1_34' title='bbox 1123 654 1238 694; x_wconf 90' lang='lat' dir='ltr'><strong>dubii</strong></span> <span class='ocrx_word' id='word_1_35' title='bbox 1258 657 1461 695; x_wconf 87' lang='lat' dir='ltr'><strong>sermonis</strong></span> <span class='ocrx_word' id='word_1_36' title='bbox 1481 655 1646 707; x_wconf 87' lang='lat' dir='ltr'><strong>iudicia,</strong></span> 
     </span>
     <span class='ocr_line' id='line_1_7' title="bbox 361 730 1650 784; baseline 0 -14"><span class='ocrx_word' id='word_1_37' title='bbox 361 736 409 770; x_wconf 93' lang='lat' dir='ltr'><strong>ut</strong></span> <span class='ocrx_word' id='word_1_38' title='bbox 451 736 492 770; x_wconf 91' lang='lat' dir='ltr'><strong>et</strong></span> <span class='ocrx_word' id='word_1_39' title='bbox 533 730 769 770; x_wconf 83' lang='lat' dir='ltr'><strong>Modestum</strong></span> <span class='ocrx_word' id='word_1_40' title='bbox 813 736 854 769; x_wconf 90' lang='lat' dir='ltr'><strong>et</strong></span> <span class='ocrx_word' id='word_1_41' title='bbox 896 731 1089 770; x_wconf 86' lang='lat' dir='ltr'><strong>Flavium</strong></span> <span class='ocrx_word' id='word_1_42' title='bbox 1132 731 1321 783; x_wconf 89' lang='lat' dir='ltr'><strong>Caprum,</strong></span> <span class='ocrx_word' id='word_1_43' title='bbox 1367 735 1439 770; x_wconf 89' lang='lat' dir='ltr'><strong>aut</strong></span> <span class='ocrx_word' id='word_1_44' title='bbox 1479 736 1650 784; x_wconf 89' lang='lat' dir='ltr'><strong>propter</strong></span> 
     </span>
     <span class='ocr_line' id='line_1_8' title="bbox 361 806 1648 858; baseline 0 -14"><span class='ocrx_word' id='word_1_45' title='bbox 361 807 462 844; x_wconf 89' lang='lat' dir='ltr'><strong>alias</strong></span> <span class='ocrx_word' id='word_1_46' title='bbox 491 807 676 856; x_wconf 87' lang='lat' dir='ltr'><strong>insignes</strong></span> <span class='ocrx_word' id='word_1_47' title='bbox 704 806 944 856; x_wconf 82' lang='lat' dir='ltr'><strong>interpretis</strong></span> <span class='ocrx_word' id='word_1_48' title='bbox 972 806 1150 844; x_wconf 90' lang='lat' dir='ltr'><strong>virtutes</strong></span> <span class='ocrx_word' id='word_1_49' title='bbox 1187 815 1234 844; x_wconf 86' lang='lat' dir='ltr'><strong>ut</strong></span> <span class='ocrx_word' id='word_1_50' title='bbox 1270 806 1525 857; x_wconf 90' lang='lat' dir='ltr'><strong>reliquorum</strong></span> <span class='ocrx_word' id='word_1_51' title='bbox 1561 807 1648 858; x_wconf 90' lang='lat' dir='ltr'><strong>ple-</strong></span> 
     </span>
     <span class='ocr_line' id='line_1_9' title="bbox 361 879 1649 933; baseline 0.001 -13"><span class='ocrx_word' id='word_1_52' title='bbox 361 883 561 933; x_wconf 87' lang='lat' dir='ltr'><strong>rosque.*)</strong></span> <span class='ocrx_word' id='word_1_53' title='bbox 617 882 667 920; x_wconf 93' lang='lat' dir='ltr'><strong>In</strong></span> <span class='ocrx_word' id='word_1_54' title='bbox 697 881 951 933; x_wconf 87' lang='lat' dir='ltr'><strong>syntacticae</strong></span> <span class='ocrx_word' id='word_1_55' title='bbox 986 881 1087 920; x_wconf 90' lang='lat' dir='ltr'><strong>artis</strong></span> <span class='ocrx_word' id='word_1_56' title='bbox 1115 881 1238 920; x_wconf 92' lang='lat' dir='ltr'><strong>rebus</strong></span> <span class='ocrx_word' id='word_1_57' title='bbox 1267 879 1526 933; x_wconf 89' lang='lat' dir='ltr'><strong>disputandis</strong></span> <span class='ocrx_word' id='word_1_58' title='bbox 1556 896 1649 921; x_wconf 89' lang='lat' dir='ltr'><strong>eum</strong></span> 
     </span>
     <span class='ocr_line' id='line_1_10' title="bbox 361 956 1649 1009; baseline 0.001 -15"><span class='ocrx_word' id='word_1_59' title='bbox 361 957 473 994; x_wconf 88' lang='lat' dir='ltr'><strong>hisce</strong></span> <span class='ocrx_word' id='word_1_60' title='bbox 493 960 657 994; x_wconf 89' lang='lat' dir='ltr'><strong>tantum</strong></span> <span class='ocrx_word' id='word_1_61' title='bbox 676 956 854 1006; x_wconf 82' lang='lat' dir='ltr'><strong>Vergilii</strong></span> <span class='ocrx_word' id='word_1_62' title='bbox 874 956 1173 1007; x_wconf 86' lang='lat' dir='ltr'><strong>interpretibus</strong></span> <span class='ocrx_word' id='word_1_63' title='bbox 1194 969 1313 994; x_wconf 90' lang='lat' dir='ltr'><strong>usum</strong></span> <span class='ocrx_word' id='word_1_64' title='bbox 1343 970 1430 994; x_wconf 91' lang='lat' dir='ltr'><strong>esse</strong></span> <span class='ocrx_word' id='word_1_65' title='bbox 1460 957 1649 1009; x_wconf 89' lang='lat' dir='ltr'><strong>apposita</strong></span> 
     </span>
     <span class='ocr_line' id='line_1_11' title="bbox 361 1031 1648 1071; baseline 0.001 -1"><span class='ocrx_word' id='word_1_66' title='bbox 361 1033 531 1071; x_wconf 88' lang='lat' dir='ltr'><strong>nomina</strong></span> <span class='ocrx_word' id='word_1_67' title='bbox 572 1031 814 1071; x_wconf 88' lang='lat' dir='ltr'><strong>ostendunt:</strong></span> <span class='ocrx_word' id='word_1_68' title='bbox 862 1033 1029 1071; x_wconf 89' lang='lat' dir='ltr'><strong>Valerio</strong></span> <span class='ocrx_word' id='word_1_69' title='bbox 1073 1033 1212 1071; x_wconf 91' lang='lat' dir='ltr'><strong>Probo</strong></span> <span class='ocrx_word' id='word_1_70' title='bbox 1256 1037 1297 1071; x_wconf 92' lang='lat' dir='ltr'><strong>et</strong></span> <span class='ocrx_word' id='word_1_71' title='bbox 1338 1033 1514 1071; x_wconf 89' lang='lat' dir='ltr'><strong>Donato.</strong></span> <span class='ocrx_word' id='word_1_72' title='bbox 1586 1034 1648 1071; x_wconf 91' lang='lat' dir='ltr'><strong>Ac</strong></span> 
     </span>
     <span class='ocr_line' id='line_1_12' title="bbox 361 1104 1647 1159; baseline 0.001 -14"><span class='ocrx_word' id='word_1_73' title='bbox 361 1107 538 1158; x_wconf 89' lang='lat' dir='ltr'><strong>primum</strong></span> <span class='ocrx_word' id='word_1_74' title='bbox 571 1104 738 1157; x_wconf 91' lang='lat' dir='ltr'><strong>quidem</strong></span> <span class='ocrx_word' id='word_1_75' title='bbox 766 1106 1033 1158; x_wconf 81' lang='lat' dir='ltr'><strong>inquiramus,</strong></span> <span class='ocrx_word' id='word_1_76' title='bbox 1071 1110 1212 1145; x_wconf 88' lang='lat' dir='ltr'><strong>utrum</strong></span> <span class='ocrx_word' id='word_1_77' title='bbox 1239 1106 1367 1145; x_wconf 88' lang='lat' dir='ltr'><strong>Probi</strong></span> <span class='ocrx_word' id='word_1_78' title='bbox 1395 1106 1507 1159; x_wconf 88' lang='lat' dir='ltr'><strong>ipsos</strong></span> <span class='ocrx_word' id='word_1_79' title='bbox 1537 1120 1647 1146; x_wconf 90' lang='lat' dir='ltr'><strong>com-</strong></span> 
     </span>
     <span class='ocr_line' id='line_1_13' title="bbox 362 1182 1648 1233; baseline 0.001 -13"><span class='ocrx_word' id='word_1_80' title='bbox 362 1182 586 1221; x_wconf 81' lang='lat' dir='ltr'><strong>mentarios</strong></span> <span class='ocrx_word' id='word_1_81' title='bbox 627 1182 778 1232; x_wconf 85' lang='lat' dir='ltr'><strong>legerit</strong></span> <span class='ocrx_word' id='word_1_82' title='bbox 819 1196 967 1230; x_wconf 86' lang='lat' dir='ltr'><strong>necne;</strong></span> <span class='ocrx_word' id='word_1_83' title='bbox 1011 1196 1107 1220; x_wconf 86' lang='lat' dir='ltr'><strong>nam</strong></span> <span class='ocrx_word' id='word_1_84' title='bbox 1150 1182 1249 1233; x_wconf 84' lang='lat' dir='ltr'><strong>ipsis</strong></span> <span class='ocrx_word' id='word_1_85' title='bbox 1286 1182 1441 1220; x_wconf 89' lang='lat' dir='ltr'><strong>Donati</strong></span> <span class='ocrx_word' id='word_1_86' title='bbox 1484 1183 1648 1233; x_wconf 84' lang='lat' dir='ltr'><strong>scriptis</strong></span> 
     </span>
     <span class='ocr_line' id='line_1_14' title="bbox 362 1255 1647 1306; baseline 0 -12"><span class='ocrx_word' id='word_1_87' title='bbox 362 1270 456 1294; x_wconf 85' lang='lat' dir='ltr'><strong>eum</strong></span> <span class='ocrx_word' id='word_1_88' title='bbox 484 1269 605 1294; x_wconf 89' lang='lat' dir='ltr'><strong>usum</strong></span> <span class='ocrx_word' id='word_1_89' title='bbox 635 1270 722 1293; x_wconf 89' lang='lat' dir='ltr'><strong>esse</strong></span> <span class='ocrx_word' id='word_1_90' title='bbox 755 1269 878 1293; x_wconf 89' lang='lat' dir='ltr'><strong>nemo</strong></span> <span class='ocrx_word' id='word_1_91' title='bbox 912 1255 1093 1306; x_wconf 88' lang='lat' dir='ltr'><strong>negabit.</strong></span> <span class='ocrx_word' id='word_1_92' title='bbox 1138 1256 1194 1293; x_wconf 90' lang='lat' dir='ltr'><strong>Et</strong></span> <span class='ocrx_word' id='word_1_93' title='bbox 1221 1256 1327 1293; x_wconf 86' lang='lat' dir='ltr'><strong>hanc</strong></span> <span class='ocrx_word' id='word_1_94' title='bbox 1354 1255 1647 1294; x_wconf 88' lang='lat' dir='ltr'><strong>iniucundissi-</strong></span> 
     </span>
     <span class='ocr_line' id='line_1_15' title="bbox 360 1331 1646 1383; baseline 0 -13"><span class='ocrx_word' id='word_1_95' title='bbox 360 1346 470 1370; x_wconf 89' lang='lat' dir='ltr'><strong>mam</strong></span> <span class='ocrx_word' id='word_1_96' title='bbox 500 1331 759 1370; x_wconf 81' lang='lat' dir='ltr'><strong>occasionem</strong></span> <span class='ocrx_word' id='word_1_97' title='bbox 787 1331 1011 1370; x_wconf 85' lang='lat' dir='ltr'><strong>Kirchneri</strong></span> <span class='ocrx_word' id='word_1_98' title='bbox 1049 1332 1087 1381; x_wconf 92' lang='lat' dir='ltr'><strong>(l.</strong></span> <span class='ocrx_word' id='word_1_99' title='bbox 1118 1332 1161 1381; x_wconf 78' lang='grc'><strong>1.)</strong></span> <span class='ocrx_word' id='word_1_100' title='bbox 1204 1345 1440 1383; x_wconf 86' lang='lat' dir='ltr'><strong>perversam</strong></span> <span class='ocrx_word' id='word_1_101' title='bbox 1482 1335 1646 1370; x_wconf 90' lang='lat' dir='ltr'><strong>senten-</strong></span> 
     </span>
     <span class='ocr_line' id='line_1_16' title="bbox 360 1396 1646 1459; baseline 0 -14"><span class='ocrx_word' id='word_1_102' title='bbox 360 1408 461 1445; x_wconf 84' lang='lat' dir='ltr'><strong>tiam</strong></span> <span class='ocrx_word' id='word_1_103' title='bbox 483 1405 532 1444; x_wconf 94' lang='lat' dir='ltr'><strong>de</strong></span> <span class='ocrx_word' id='word_1_104' title='bbox 553 1406 689 1445; x_wconf 84' lang='lat' dir='ltr'><strong>Servii</strong></span> <span class='ocrx_word' id='word_1_105' title='bbox 709 1406 947 1444; x_wconf 88' lang='lat' dir='ltr'><strong>auctoribus</strong></span> <span class='ocrx_word' id='word_1_106' title='bbox 967 1396 1248 1456; x_wconf 84' lang='lat' dir='ltr'><strong>grammaticis</strong></span> <span class='ocrx_word' id='word_1_107' title='bbox 1268 1406 1418 1445; x_wconf 87' lang='lat' dir='ltr'><strong>leviter</strong></span> <span class='ocrx_word' id='word_1_108' title='bbox 1446 1406 1646 1459; x_wconf 88' lang='lat' dir='ltr'><strong>perstrin-</strong></span> 
     </span>
     <span class='ocr_line' id='line_1_17' title="bbox 361 1481 1646 1534; baseline 0 -13"><span class='ocrx_word' id='word_1_109' title='bbox 361 1482 497 1534; x_wconf 84' lang='lat' dir='ltr'><strong>gendi,</strong></span> <span class='ocrx_word' id='word_1_110' title='bbox 530 1483 630 1533; x_wconf 89' lang='lat' dir='ltr'><strong>quin</strong></span> <span class='ocrx_word' id='word_1_111' title='bbox 650 1482 903 1534; x_wconf 81' lang='lat' dir='ltr'><strong>arripiamus,</strong></span> <span class='ocrx_word' id='word_1_112' title='bbox 935 1481 1071 1520; x_wconf 88' lang='lat' dir='ltr'><strong>facere</strong></span> <span class='ocrx_word' id='word_1_113' title='bbox 1100 1495 1185 1520; x_wconf 90' lang='lat' dir='ltr'><strong>non</strong></span> <span class='ocrx_word' id='word_1_114' title='bbox 1213 1495 1442 1534; x_wconf 88' lang='lat' dir='ltr'><strong>possumus.</strong></span> <span class='ocrx_word' id='word_1_115' title='bbox 1499 1483 1549 1521; x_wconf 92' lang='lat' dir='ltr'><strong>In</strong></span> <span class='ocrx_word' id='word_1_116' title='bbox 1574 1483 1646 1521; x_wconf 92' lang='lat' dir='ltr'><strong>illo</strong></span> 
     </span>
     <span class='ocr_line' id='line_1_18' title="bbox 362 1557 1648 1609; baseline 0 -14"><span class='ocrx_word' id='word_1_117' title='bbox 362 1559 472 1596; x_wconf 80' lang='lat' dir='ltr'><strong>enim</strong></span> <span class='ocrx_word' id='word_1_118' title='bbox 502 1557 691 1609; x_wconf 84' lang='lat' dir='ltr'><strong>opusculi</strong></span> <span class='ocrx_word' id='word_1_119' title='bbox 720 1557 784 1596; x_wconf 91' lang='lat' dir='ltr'><strong>sui</strong></span> <span class='ocrx_word' id='word_1_120' title='bbox 813 1557 948 1608; x_wconf 88' lang='lat' dir='ltr'><strong>capite</strong></span> <span class='ocrx_word' id='word_1_121' title='bbox 977 1557 1045 1595; x_wconf 89' lang='lat' dir='ltr'><strong>cui</strong></span> <span class='ocrx_word' id='word_1_122' title='bbox 1072 1557 1330 1596; x_wconf 88' lang='lat' dir='ltr'><strong>inscribitur:</strong></span> <span class='ocrx_word' id='word_1_123' title='bbox 1363 1571 1465 1609; x_wconf 88' lang='lat' dir='ltr'><strong>quos</strong></span> <span class='ocrx_word' id='word_1_124' title='bbox 1485 1561 1527 1596; x_wconf 92' lang='lat' dir='ltr'><strong>et</strong></span> <span class='ocrx_word' id='word_1_125' title='bbox 1546 1561 1648 1609; x_wconf 88' lang='lat' dir='ltr'><strong>quot</strong></span> 
     </span>
     <span class='ocr_line' id='line_1_19' title="bbox 360 1632 1647 1684; baseline -0.001 -12"><span class='ocrx_word' id='word_1_126' title='bbox 360 1633 540 1684; x_wconf 87' lang='lat' dir='ltr'><strong>Vergilii</strong></span> <span class='ocrx_word' id='word_1_127' title='bbox 582 1636 927 1671; x_wconf 87' lang='lat' dir='ltr'><strong>commentatores</strong></span> <span class='ocrx_word' id='word_1_128' title='bbox 956 1632 1126 1671; x_wconf 86' lang='lat' dir='ltr'><strong>Servius</strong></span> <span class='ocrx_word' id='word_1_129' title='bbox 1168 1636 1309 1670; x_wconf 90' lang='lat' dir='ltr'><strong>noster</strong></span> <span class='ocrx_word' id='word_1_130' title='bbox 1348 1633 1509 1683; x_wconf 86' lang='lat' dir='ltr'><strong>legerit,</strong></span> <span class='ocrx_word' id='word_1_131' title='bbox 1553 1646 1647 1671; x_wconf 88' lang='lat' dir='ltr'><strong>eum</strong></span> 
     </span>
     <span class='ocr_line' id='line_1_20' title="bbox 360 1703 1648 1760; baseline -0.001 -13"><span class='ocrx_word' id='word_1_132' title='bbox 360 1722 445 1747; x_wconf 90' lang='lat' dir='ltr'><strong>non</strong></span> <span class='ocrx_word' id='word_1_133' title='bbox 487 1708 712 1760; x_wconf 87' lang='lat' dir='ltr'><strong>perlegisse</strong></span> <span class='ocrx_word' id='word_1_134' title='bbox 754 1707 1016 1759; x_wconf 89' lang='lat' dir='ltr'><strong>grammatici</strong></span> <span class='ocrx_word' id='word_1_135' title='bbox 1054 1703 1268 1746; x_wconf 81' lang='lat' dir='ltr'><strong>cuiusdam</strong></span> <span class='ocrx_word' id='word_1_136' title='bbox 1296 1707 1387 1759; x_wconf 91' lang='lat' dir='ltr'><strong>ipsa</strong></span> <span class='ocrx_word' id='word_1_137' title='bbox 1415 1721 1539 1760; x_wconf 90' lang='lat' dir='ltr'><strong>opera</strong></span> <span class='ocrx_word' id='word_1_138' title='bbox 1566 1708 1648 1753; x_wconf 86' lang='lat' dir='ltr'><strong>nisi</strong></span> 
     </span>
     <span class='ocr_line' id='line_1_21' title="bbox 359 1781 1648 1835; baseline -0.001 -12"><span class='ocrx_word' id='word_1_139' title='bbox 359 1785 516 1823; x_wconf 87' lang='lat' dir='ltr'><strong>Donati</strong></span> <span class='ocrx_word' id='word_1_140' title='bbox 545 1783 745 1823; x_wconf 85' lang='lat' dir='ltr'><strong>Carminii</strong></span> <span class='ocrx_word' id='word_1_141' title='bbox 773 1783 933 1823; x_wconf 91' lang='lat' dir='ltr'><strong>Urbani</strong></span> <span class='ocrx_word' id='word_1_142' title='bbox 963 1781 1244 1821; x_wconf 88' lang='lat' dir='ltr'><strong>demonstrare</strong></span> <span class='ocrx_word' id='word_1_143' title='bbox 1273 1782 1421 1833; x_wconf 87' lang='lat' dir='ltr'><strong>studet,</strong></span> <span class='ocrx_word' id='word_1_144' title='bbox 1465 1782 1509 1822; x_wconf 95' lang='lat' dir='ltr'><strong>id</strong></span> <span class='ocrx_word' id='word_1_145' title='bbox 1537 1782 1648 1835; x_wconf 88' lang='lat' dir='ltr'><strong>quod</strong></span> 
     </span>
     <span class='ocr_line' id='line_1_22' title="bbox 360 1858 1647 1909; baseline 0 -12"><span class='ocrx_word' id='word_1_146' title='bbox 360 1860 419 1898; x_wconf 90' lang='lat' dir='ltr'><strong>ita</strong></span> <span class='ocrx_word' id='word_1_147' title='bbox 448 1863 773 1909; x_wconf 85' lang='lat' dir='ltr'><strong>argumentatur,</strong></span> <span class='ocrx_word' id='word_1_148' title='bbox 817 1862 866 1896; x_wconf 95' lang='lat' dir='ltr'><strong>ut</strong></span> <span class='ocrx_word' id='word_1_149' title='bbox 908 1858 1143 1908; x_wconf 88' lang='lat' dir='ltr'><strong>quicunque</strong></span> <span class='ocrx_word' id='word_1_150' title='bbox 1186 1858 1418 1896; x_wconf 84' lang='lat' dir='ltr'><strong>accuratius</strong></span> <span class='ocrx_word' id='word_1_151' title='bbox 1460 1858 1647 1897; x_wconf 90' lang='lat' dir='ltr'><strong>libellum</strong></span> 
     </span>
     <span class='ocr_line' id='line_1_23' title="bbox 360 1933 1646 1986; baseline -0.002 -13"><span class='ocrx_word' id='word_1_152' title='bbox 360 1936 487 1973; x_wconf 85' lang='lat' dir='ltr'><strong>istum</strong></span> <span class='ocrx_word' id='word_1_153' title='bbox 523 1933 779 1986; x_wconf 82' lang='lat' dir='ltr'><strong>pervolverit</strong></span> <span class='ocrx_word' id='word_1_154' title='bbox 815 1933 1065 1970; x_wconf 83' lang='lat' dir='ltr'><strong>sententiam</strong></span> <span class='ocrx_word' id='word_1_155' title='bbox 1098 1933 1213 1970; x_wconf 88' lang='lat' dir='ltr'><strong>illam</strong></span> <span class='ocrx_word' id='word_1_156' title='bbox 1243 1933 1410 1971; x_wconf 90' lang='lat' dir='ltr'><strong>omnino</strong></span> <span class='ocrx_word' id='word_1_157' title='bbox 1439 1946 1524 1971; x_wconf 92' lang='lat' dir='ltr'><strong>non</strong></span> <span class='ocrx_word' id='word_1_158' title='bbox 1551 1946 1646 1984; x_wconf 90' lang='lat' dir='ltr'><strong>pro-</strong></span> 
     </span>
    </p>
   </div>
   <div class='ocr_carea' id='block_1_4' title="bbox 359 2008 630 2061">
    <p class='ocr_par' dir='ltr' id='par_1_4' title="bbox 359 2008 630 2061">
     <span class='ocr_line' id='line_1_24' title="bbox 359 2008 630 2061; baseline 0.004 -16"><span class='ocrx_word' id='word_1_159' title='bbox 359 2009 457 2047; x_wconf 87' lang='lat' dir='ltr'><strong>bare</strong></span> <span class='ocrx_word' id='word_1_160' title='bbox 486 2008 630 2061; x_wconf 87' lang='lat' dir='ltr'><strong>possit.</strong></span> 
     </span>
    </p>
   </div>
   <div class='ocr_carea' id='block_1_5' title="bbox 360 2093 1647 2367">
    <p class='ocr_par' dir='ltr' id='par_1_5' title="bbox 360 2093 1647 2367">
     <span class='ocr_line' id='line_1_25' title="bbox 480 2093 1646 2145; baseline -0.002 -11"><span class='ocrx_word' id='word_1_161' title='bbox 480 2096 546 2134; x_wconf 68' lang='lat' dir='ltr'><strong>‘Et</strong></span> <span class='ocrx_word' id='word_1_162' title='bbox 573 2094 701 2133; x_wconf 91' lang='lat' dir='ltr'><strong>Probi</strong></span> <span class='ocrx_word' id='word_1_163' title='bbox 731 2093 896 2145; x_wconf 88' lang='lat' dir='ltr'><strong>quidem</strong></span> <span class='ocrx_word' id='word_1_164' title='bbox 927 2093 1174 2131; x_wconf 86' lang='lat' dir='ltr'><strong>auctoritate</strong></span> <span class='ocrx_word' id='word_1_165' title='bbox 1203 2107 1301 2132; x_wconf 94' lang='lat' dir='ltr'><strong>usus</strong></span> <span class='ocrx_word' id='word_1_166' title='bbox 1331 2098 1394 2131; x_wconf 88' lang='lat' dir='ltr'><strong>est</strong></span> <span class='ocrx_word' id='word_1_167' title='bbox 1429 2094 1542 2132; x_wconf 89' lang='lat' dir='ltr'><strong>hisce</strong></span> <span class='ocrx_word' id='word_1_168' title='bbox 1575 2108 1646 2132; x_wconf 84' lang='lat' dir='ltr'><strong>sex</strong></span> 
     </span>
     <span class='ocr_line' id='line_1_26' title="bbox 360 2168 1643 2219; baseline 0 -11"><span class='ocrx_word' id='word_1_169' title='bbox 360 2171 462 2208; x_wconf 89' lang='lat' dir='ltr'><strong>locis</strong></span> <span class='ocrx_word' id='word_1_170' title='bbox 492 2169 542 2208; x_wconf 88' lang='lat' dir='ltr'><strong>ad</strong></span> <span class='ocrx_word' id='word_1_171' title='bbox 571 2169 674 2208; x_wconf 88' lang='lat' dir='ltr'><strong>Aen.</strong></span> <span class='ocrx_word' id='word_1_172' title='bbox 704 2170 736 2207; x_wconf 86' lang='lat' dir='ltr'><strong>I.</strong></span> <span class='ocrx_word' id='word_1_173' title='bbox 770 2169 856 2217; x_wconf 77' lang='lat'><strong>194,</strong></span> <span class='ocrx_word' id='word_1_174' title='bbox 894 2169 990 2217; x_wconf 70' lang='lat'>4413</span> <span class='ocrx_word' id='word_1_175' title='bbox 1034 2168 1087 2206; x_wconf 88' lang='lat' dir='ltr'><strong>II.</strong></span> <span class='ocrx_word' id='word_1_176' title='bbox 1121 2169 1186 2216; x_wconf 84' lang='lat'><strong>153</strong></span> <span class='ocrx_word' id='word_1_177' title='bbox 1230 2168 1306 2207; x_wconf 92' lang='lat' dir='ltr'><strong>III.</strong></span> <span class='ocrx_word' id='word_1_178' title='bbox 1336 2169 1405 2218; x_wconf 81' lang='lat'><strong>823</strong></span> <span class='ocrx_word' id='word_1_179' title='bbox 1450 2168 1518 2207; x_wconf 72' lang='lat' dir='ltr'><strong>VJ.</strong></span> <span class='ocrx_word' id='word_1_180' title='bbox 1548 2169 1643 2219; x_wconf 82' lang='lat'>8653</span> 
     </span>
     <span class='ocr_line' id='line_1_27' title="bbox 360 2236 1645 2295; baseline -0.001 -12"><span class='ocrx_word' id='word_1_181' title='bbox 360 2236 409 2283; x_wconf 69' lang='lat' dir='ltr'><strong>XL</strong></span> <span class='ocrx_word' id='word_1_182' title='bbox 441 2247 492 2284; x_wconf 87' lang='lat'><strong>33</strong></span> <span class='ocrx_word' id='word_1_183' title='bbox 523 2243 573 2282; x_wconf 86' lang='lat' dir='ltr'><strong>ad</strong></span> <span class='ocrx_word' id='word_1_184' title='bbox 603 2244 812 2295; x_wconf 86' lang='lat' dir='ltr'><strong>syntaxim</strong></span> <span class='ocrx_word' id='word_1_185' title='bbox 836 2244 1006 2293; x_wconf 85' lang='lat' dir='ltr'><strong>linguae</strong></span> <span class='ocrx_word' id='word_1_186' title='bbox 1025 2243 1178 2280; x_wconf 87' lang='lat' dir='ltr'><strong>latinae</strong></span> <span class='ocrx_word' id='word_1_187' title='bbox 1198 2243 1513 2294; x_wconf 89' lang='lat' dir='ltr'><strong>pertinentibus,</strong></span> <span class='ocrx_word' id='word_1_188' title='bbox 1545 2257 1645 2295; x_wconf 91' lang='lat' dir='ltr'><strong>quo-</strong></span> 
     </span>
     <span class='ocr_line' id='line_1_28' title="bbox 360 2317 1647 2367; baseline -0.002 -8"><span class='ocrx_word' id='word_1_189' title='bbox 360 2334 451 2359; x_wconf 89' lang='lat' dir='ltr'><strong>rum</strong></span> <span class='ocrx_word' id='word_1_190' title='bbox 494 2324 578 2358; x_wconf 88' lang='lat' dir='ltr'><strong>tres</strong></span> <span class='ocrx_word' id='word_1_191' title='bbox 620 2317 673 2357; x_wconf 89' lang='lat' dir='ltr'><strong>ad</strong></span> <span class='ocrx_word' id='word_1_192' title='bbox 714 2319 817 2357; x_wconf 90' lang='lat' dir='ltr'><strong>Aen.</strong></span> <span class='ocrx_word' id='word_1_193' title='bbox 848 2319 878 2356; x_wconf 86' lang='lat'><strong>1.</strong></span> <span class='ocrx_word' id='word_1_194' title='bbox 909 2318 1004 2367; x_wconf 79' lang='lat'>4413</span> <span class='ocrx_word' id='word_1_195' title='bbox 1048 2318 1124 2356; x_wconf 92' lang='lat' dir='ltr'>III.</span> <span class='ocrx_word' id='word_1_196' title='bbox 1154 2318 1222 2367; x_wconf 75' lang='lat'><strong>823</strong></span> <span class='ocrx_word' id='word_1_197' title='bbox 1267 2318 1321 2356; x_wconf 92' lang='lat' dir='ltr'><strong>X.</strong></span> <span class='ocrx_word' id='word_1_198' title='bbox 1353 2320 1404 2357; x_wconf 88' lang='lat'><strong>33</strong></span> <span class='ocrx_word' id='word_1_199' title='bbox 1442 2332 1491 2356; x_wconf 87' lang='lat' dir='ltr'><strong>ex</strong></span> <span class='ocrx_word' id='word_1_200' title='bbox 1519 2319 1647 2357; x_wconf 92' lang='lat' dir='ltr'><strong>Probi</strong></span> 
     </span>
    </p>
   </div>
   <div class='ocr_carea' id='block_1_6' title="bbox 490 2445 1166 2490">
    <p class='ocr_par' dir='ltr' id='par_1_6' title="bbox 490 2445 1166 2490">
     <span class='ocr_line' id='line_1_29' title="bbox 490 2445 1166 2490; baseline -0.003 -10"><span class='ocrx_word' id='word_1_201' title='bbox 490 2447 524 2490; x_wconf 74' lang='lat'><strong>&#39;²‘)</strong></span> <span class='ocrx_word' id='word_1_202' title='bbox 548 2449 589 2480; x_wconf 77' lang='lat' dir='ltr'><strong>ef.</strong></span> <span class='ocrx_word' id='word_1_203' title='bbox 614 2448 792 2480; x_wconf 71' lang='lat' dir='ltr'><strong>Rirchncr:</strong></span> <span class='ocrx_word' id='word_1_204' title='bbox 816 2445 852 2489; x_wconf 89' lang='grc'><strong>(1.</strong></span> <span class='ocrx_word' id='word_1_205' title='bbox 875 2445 911 2488; x_wconf 91' lang='lat' dir='ltr'><strong>l.)</strong></span> <span class='ocrx_word' id='word_1_206' title='bbox 935 2457 966 2489; x_wconf 85' lang='lat' dir='ltr'><strong>p.</strong></span> <span class='ocrx_word' id='word_1_207' title='bbox 991 2446 1166 2478; x_wconf 64' lang='lat' dir='ltr'><strong>(zu—532.</strong></span> 
     </span>
    </p>
   </div>
  </div>
 </body>
</html>
