<?xml version="1.0" encoding="UTF-8"?>
<!DOCTYPE html PUBLIC "-//W3C//DTD XHTML 1.0 Transitional//EN"
    "http://www.w3.org/TR/xhtml1/DTD/xhtml1-transitional.dtd">
<html xmlns="http://www.w3.org/1999/xhtml" xml:lang="en" lang="en">
 <head>
  <title>
</title>
<meta http-equiv="Content-Type" content="text/html;charset=utf-8" />
  <meta name='ocr-system' content='tesseract 3.04.00' />
  <meta name='ocr-capabilities' content='ocr_page ocr_carea ocr_par ocr_line ocrx_word'/>
</head>
<body>
  <div class='ocr_page' id='page_1' title='image "4737347_0018.png"; bbox 0 0 1874 2917; ppageno 0'>
   <div class='ocr_carea' id='block_1_1' title="bbox 871 189 1108 228">
    <p class='ocr_par' dir='ltr' id='par_1_1' title="bbox 871 189 1108 228">
     <span class='ocr_line' id='line_1_1' title="bbox 871 189 1108 228; baseline 0 -11"><span class='ocrx_word' id='word_1_1' title='bbox 871 189 1108 228; x_wconf 67' lang='lat'><strong>-4-</strong></span> 
     </span>
    </p>
   </div>
   <div class='ocr_carea' id='block_1_2' title="bbox 345 341 1637 1594">
    <p class='ocr_par' dir='ltr' id='par_1_2' title="bbox 478 341 1419 617">
     <span class='ocr_line' id='line_1_2' title="bbox 478 341 1268 394; baseline -0.004 -12"><span class='ocrx_word' id='word_1_2' title='bbox 478 344 518 394; x_wconf 87' lang='lat'><strong>4)</strong></span> <span class='ocrx_word' id='word_1_3' title='bbox 549 356 583 382; x_wconf 88' lang='lat' dir='ltr'><strong>a.</strong></span> <span class='ocrx_word' id='word_1_4' title='bbox 615 341 665 381; x_wconf 93' lang='lat' dir='ltr'><strong>de</strong></span> <span class='ocrx_word' id='word_1_5' title='bbox 694 342 917 382; x_wconf 81' lang='lat' dir='ltr'><strong>verborum</strong></span> <span class='ocrx_word' id='word_1_6' title='bbox 947 341 1268 391; x_wconf 81' lang='lat' dir='ltr'><strong>constructione,</strong></span> 
     </span>
     <span class='ocr_line' id='line_1_3' title="bbox 545 417 1072 469; baseline -0.002 -12"><span class='ocrx_word' id='word_1_7' title='bbox 545 419 583 457; x_wconf 89' lang='lat' dir='ltr'><strong>b.</strong></span> <span class='ocrx_word' id='word_1_8' title='bbox 617 420 655 468; x_wconf 81' lang='lat'><strong>1&gt;</strong></span> <span class='ocrx_word' id='word_1_9' title='bbox 686 417 736 456; x_wconf 92' lang='lat' dir='ltr'><strong>de</strong></span> <span class='ocrx_word' id='word_1_10' title='bbox 766 418 1072 469; x_wconf 78' lang='lat' dir='ltr'><strong>significatione</strong></span> 
     </span>
     <span class='ocr_line' id='line_1_4' title="bbox 619 435 1419 544; baseline -0.003 -14"><span class='ocrx_word' id='word_1_11' title='bbox 619 493 658 542; x_wconf 83' lang='lat'><strong>2)</strong></span> <span class='ocrx_word' id='word_1_12' title='bbox 690 491 739 530; x_wconf 85' lang='lat' dir='ltr'><strong>de</strong></span> <span class='ocrx_word' id='word_1_13' title='bbox 768 492 1026 544; x_wconf 74' lang='lat' dir='ltr'><strong>temporibus</strong></span> <span class='ocrx_word' id='word_1_14' title='bbox 1121 435 1143 525; x_wconf 56' lang='grc'><strong>1</strong></span> <span class='ocrx_word' id='word_1_15' title='bbox 1187 490 1419 539; x_wconf 78' lang='lat' dir='ltr'><strong>verborum,</strong></span> 
     </span>
     <span class='ocr_line' id='line_1_5' title="bbox 618 525 1138 617; baseline 0 -11"><span class='ocrx_word' id='word_1_16' title='bbox 618 569 657 617; x_wconf 86' lang='lat'><strong>3)</strong></span> <span class='ocrx_word' id='word_1_17' title='bbox 688 566 738 606; x_wconf 91' lang='lat' dir='ltr'><strong>de</strong></span> <span class='ocrx_word' id='word_1_18' title='bbox 767 566 901 606; x_wconf 90' lang='lat' dir='ltr'><strong>modis</strong></span> <span class='ocrx_word' id='word_1_19' title='bbox 1123 525 1138 614; x_wconf 72' lang='grc' dir='ltr'>Ι</span> 
     </span>
    </p>

    <p class='ocr_par' dir='ltr' id='par_1_3' title="bbox 478 641 1317 693">
     <span class='ocr_line' id='line_1_6' title="bbox 478 641 1317 693; baseline -0.004 -12"><span class='ocrx_word' id='word_1_20' title='bbox 478 645 517 693; x_wconf 84' lang='grc'><strong>5)</strong></span> <span class='ocrx_word' id='word_1_21' title='bbox 548 642 599 681; x_wconf 96' lang='grc'><strong>(16</strong></span> <span class='ocrx_word' id='word_1_22' title='bbox 628 642 969 680; x_wconf 80' lang='lat' dir='ltr'><strong>coniunctionum</strong></span> <span class='ocrx_word' id='word_1_23' title='bbox 998 641 1317 689; x_wconf 80' lang='lat' dir='ltr'><strong>constructione,</strong></span> 
     </span>
    </p>

    <p class='ocr_par' dir='ltr' id='par_1_4' title="bbox 479 716 1268 769">
     <span class='ocr_line' id='line_1_7' title="bbox 479 716 1268 769; baseline -0.004 -12"><span class='ocrx_word' id='word_1_24' title='bbox 479 720 517 769; x_wconf 87' lang='grc'><strong>6)</strong></span> <span class='ocrx_word' id='word_1_25' title='bbox 548 717 599 757; x_wconf 88' lang='grc'><strong>(16</strong></span> <span class='ocrx_word' id='word_1_26' title='bbox 628 716 920 757; x_wconf 83' lang='lat' dir='ltr'>adverbiorum</span> <span class='ocrx_word' id='word_1_27' title='bbox 949 717 1268 766; x_wconf 79' lang='lat' dir='ltr'><strong>constructione⁷</strong></span> 
     </span>
    </p>

    <p class='ocr_par' dir='ltr' id='par_1_5' title="bbox 481 791 1316 843">
     <span class='ocr_line' id='line_1_8' title="bbox 481 791 1316 843; baseline -0.004 -12"><span class='ocrx_word' id='word_1_28' title='bbox 481 795 519 843; x_wconf 77' lang='lat'><strong>7)</strong></span> <span class='ocrx_word' id='word_1_29' title='bbox 551 792 601 830; x_wconf 91' lang='lat' dir='ltr'><strong>de</strong></span> <span class='ocrx_word' id='word_1_30' title='bbox 628 793 968 831; x_wconf 83' lang='lat' dir='ltr'><strong>interiectionum</strong></span> <span class='ocrx_word' id='word_1_31' title='bbox 996 791 1316 829; x_wconf 84' lang='lat' dir='ltr'><strong>constructione.</strong></span> 
     </span>
    </p>

    <p class='ocr_par' dir='ltr' id='par_1_6' title="bbox 345 864 1637 1594">
     <span class='ocr_line' id='line_1_9' title="bbox 476 864 1635 917; baseline -0.003 -11"><span class='ocrx_word' id='word_1_32' title='bbox 476 869 593 907; x_wconf 86' lang='lat' dir='ltr'><strong>Inter</strong></span> <span class='ocrx_word' id='word_1_33' title='bbox 620 880 772 906; x_wconf 89' lang='lat' dir='ltr'><strong>nomen</strong></span> <span class='ocrx_word' id='word_1_34' title='bbox 807 871 848 905; x_wconf 92' lang='lat' dir='ltr'><strong>et</strong></span> <span class='ocrx_word' id='word_1_35' title='bbox 876 867 1051 906; x_wconf 90' lang='lat' dir='ltr'><strong>verbum</strong></span> <span class='ocrx_word' id='word_1_36' title='bbox 1087 864 1179 904; x_wconf 92' lang='lat' dir='ltr'><strong>ideo</strong></span> <span class='ocrx_word' id='word_1_37' title='bbox 1217 865 1431 917; x_wconf 84' lang='lat' dir='ltr'>posuimus</span> <span class='ocrx_word' id='word_1_38' title='bbox 1467 865 1635 917; x_wconf 82' lang='lat' dir='ltr'><strong>partici-</strong></span> 
     </span>
     <span class='ocr_line' id='line_1_10' title="bbox 347 939 1635 997; baseline -0.004 -14"><span class='ocrx_word' id='word_1_39' title='bbox 347 945 464 997; x_wconf 86' lang='lat' dir='ltr'><strong>pium</strong></span> <span class='ocrx_word' id='word_1_40' title='bbox 493 942 605 995; x_wconf 89' lang='lat' dir='ltr'><strong>quod</strong></span> <span class='ocrx_word' id='word_1_41' title='bbox 634 956 729 981; x_wconf 85' lang='lat' dir='ltr'><strong>oum</strong></span> <span class='ocrx_word' id='word_1_42' title='bbox 757 941 810 980; x_wconf 93' lang='lat' dir='ltr'><strong>ad</strong></span> <span class='ocrx_word' id='word_1_43' title='bbox 845 947 1068 993; x_wconf 86' lang='lat' dir='ltr'><strong>utrumque</strong></span> <span class='ocrx_word' id='word_1_44' title='bbox 1104 941 1311 993; x_wconf 85' lang='lat' dir='ltr'><strong>pertinere</strong></span> <span class='ocrx_word' id='word_1_45' title='bbox 1348 944 1493 992; x_wconf 83' lang='lat' dir='ltr'><strong>postea</strong></span> <span class='ocrx_word' id='word_1_46' title='bbox 1520 939 1635 979; x_wconf 90' lang='lat' dir='ltr'><strong>vide-</strong></span> 
     </span>
     <span class='ocr_line' id='line_1_11' title="bbox 348 1015 1633 1059; baseline -0.005 0"><span class='ocrx_word' id='word_1_47' title='bbox 348 1034 464 1059; x_wconf 88' lang='lat' dir='ltr'><strong>amus</strong></span> <span class='ocrx_word' id='word_1_48' title='bbox 501 1019 700 1058; x_wconf 78' lang='lat' dir='ltr'><strong>facillime</strong></span> <span class='ocrx_word' id='word_1_49' title='bbox 737 1022 785 1057; x_wconf 88' lang='lat' dir='ltr'><strong>ut</strong></span> <span class='ocrx_word' id='word_1_50' title='bbox 821 1018 871 1056; x_wconf 90' lang='lat' dir='ltr'><strong>ab</strong></span> <span class='ocrx_word' id='word_1_51' title='bbox 908 1018 980 1056; x_wconf 87' lang='grc'><strong>1110</strong></span> <span class='ocrx_word' id='word_1_52' title='bbox 1019 1016 1071 1055; x_wconf 94' lang='lat' dir='ltr'><strong>ad</strong></span> <span class='ocrx_word' id='word_1_53' title='bbox 1098 1018 1176 1055; x_wconf 85' lang='lat' dir='ltr'><strong>hoo</strong></span> <span class='ocrx_word' id='word_1_54' title='bbox 1205 1021 1462 1055; x_wconf 88' lang='lat' dir='ltr'><strong>transeamus</strong></span> <span class='ocrx_word' id='word_1_55' title='bbox 1492 1015 1633 1054; x_wconf 85' lang='lat' dir='ltr'><strong>efficit.</strong></span> 
     </span>
     <span class='ocr_line' id='line_1_12' title="bbox 347 1088 1636 1144; baseline -0.005 -10"><span class='ocrx_word' id='word_1_56' title='bbox 347 1093 560 1134; x_wconf 89' lang='lat' dir='ltr'><strong>Adverbia</strong></span> <span class='ocrx_word' id='word_1_57' title='bbox 579 1106 678 1132; x_wconf 89' lang='lat' dir='ltr'><strong>vero</strong></span> <span class='ocrx_word' id='word_1_58' title='bbox 707 1096 927 1144; x_wconf 88' lang='lat' dir='ltr'><strong>propterea</strong></span> <span class='ocrx_word' id='word_1_59' title='bbox 946 1103 970 1130; x_wconf 87' lang='lat' dir='ltr'><strong>a</strong></span> <span class='ocrx_word' id='word_1_60' title='bbox 989 1092 1126 1131; x_wconf 88' lang='lat' dir='ltr'><strong>verbis</strong></span> <span class='ocrx_word' id='word_1_61' title='bbox 1156 1091 1419 1139; x_wconf 87' lang='lat' dir='ltr'><strong>seiunximus,</strong></span> <span class='ocrx_word' id='word_1_62' title='bbox 1453 1094 1495 1128; x_wconf 89' lang='lat' dir='ltr'><strong>et</strong></span> <span class='ocrx_word' id='word_1_63' title='bbox 1525 1088 1636 1141; x_wconf 91' lang='lat' dir='ltr'><strong>quod</strong></span> 
     </span>
     <span class='ocr_line' id='line_1_13' title="bbox 347 1167 1636 1219; baseline -0.005 -11"><span class='ocrx_word' id='word_1_64' title='bbox 347 1170 448 1208; x_wconf 81' lang='lat' dir='ltr'><strong>haec</strong></span> <span class='ocrx_word' id='word_1_65' title='bbox 482 1168 526 1207; x_wconf 88' lang='lat' dir='ltr'><strong>id</strong></span> <span class='ocrx_word' id='word_1_66' title='bbox 560 1167 671 1219; x_wconf 91' lang='lat' dir='ltr'><strong>quod</strong></span> <span class='ocrx_word' id='word_1_67' title='bbox 712 1168 890 1205; x_wconf 81' lang='lat' dir='ltr'><strong>maxime</strong></span> <span class='ocrx_word' id='word_1_68' title='bbox 933 1170 1257 1205; x_wconf 85' lang='lat' dir='ltr'><strong>consentaneum</strong></span> <span class='ocrx_word' id='word_1_69' title='bbox 1301 1169 1363 1203; x_wconf 89' lang='lat' dir='ltr'><strong>est</strong></span> <span class='ocrx_word' id='word_1_70' title='bbox 1405 1168 1636 1215; x_wconf 87' lang='lat' dir='ltr'><strong>sequuntur</strong></span> 
     </span>
     <span class='ocr_line' id='line_1_14' title="bbox 348 1238 1636 1293; baseline -0.004 -11"><span class='ocrx_word' id='word_1_71' title='bbox 348 1244 663 1283; x_wconf 80' lang='lat' dir='ltr'><strong>coniunctiones</strong></span> <span class='ocrx_word' id='word_1_72' title='bbox 693 1246 735 1280; x_wconf 87' lang='lat' dir='ltr'><strong>et</strong></span> <span class='ocrx_word' id='word_1_73' title='bbox 763 1240 874 1293; x_wconf 86' lang='lat' dir='ltr'><strong>quod</strong></span> <span class='ocrx_word' id='word_1_74' title='bbox 902 1254 997 1279; x_wconf 83' lang='lat' dir='ltr'><strong>cum</strong></span> <span class='ocrx_word' id='word_1_75' title='bbox 1039 1254 1208 1291; x_wconf 84' lang='lat' dir='ltr'><strong>agemus</strong></span> <span class='ocrx_word' id='word_1_76' title='bbox 1252 1239 1301 1278; x_wconf 88' lang='grc'><strong>(16</strong></span> <span class='ocrx_word' id='word_1_77' title='bbox 1344 1238 1636 1291; x_wconf 85' lang='lat' dir='ltr'><strong>adverbiorum</strong></span> 
     </span>
     <span class='ocr_line' id='line_1_15' title="bbox 346 1313 1635 1368; baseline -0.005 -10"><span class='ocrx_word' id='word_1_78' title='bbox 346 1319 666 1367; x_wconf 80' lang='lat' dir='ltr'><strong>constructione,</strong></span> <span class='ocrx_word' id='word_1_79' title='bbox 699 1331 746 1355; x_wconf 88' lang='lat' dir='ltr'><strong>ea</strong></span> <span class='ocrx_word' id='word_1_80' title='bbox 776 1331 879 1368; x_wconf 88' lang='lat' dir='ltr'><strong>quae</strong></span> <span class='ocrx_word' id='word_1_81' title='bbox 909 1315 958 1355; x_wconf 90' lang='lat' dir='ltr'><strong>de</strong></span> <span class='ocrx_word' id='word_1_82' title='bbox 989 1318 1175 1355; x_wconf 83' lang='lat' dir='ltr'><strong>locorum</strong></span> <span class='ocrx_word' id='word_1_83' title='bbox 1200 1320 1515 1367; x_wconf 71' lang='lat' dir='ltr'><strong>temporumque</strong></span> <span class='ocrx_word' id='word_1_84' title='bbox 1536 1313 1635 1352; x_wconf 89' lang='lat' dir='ltr'><strong>defi-</strong></span> 
     </span>
     <span class='ocr_line' id='line_1_16' title="bbox 345 1390 1633 1444; baseline -0.005 -10"><span class='ocrx_word' id='word_1_85' title='bbox 345 1395 575 1434; x_wconf 88' lang='lat' dir='ltr'><strong>nitionibus</strong></span> <span class='ocrx_word' id='word_1_86' title='bbox 618 1396 811 1432; x_wconf 84' lang='lat' dir='ltr'><strong>constant</strong></span> <span class='ocrx_word' id='word_1_87' title='bbox 847 1390 1095 1444; x_wconf 88' lang='lat' dir='ltr'><strong>apponenda</strong></span> <span class='ocrx_word' id='word_1_88' title='bbox 1130 1392 1252 1430; x_wconf 85' lang='lat' dir='ltr'><strong>nobis</strong></span> <span class='ocrx_word' id='word_1_89' title='bbox 1291 1404 1378 1429; x_wconf 85' lang='lat' dir='ltr'><strong>esse</strong></span> <span class='ocrx_word' id='word_1_90' title='bbox 1407 1390 1497 1429; x_wconf 90' lang='lat' dir='ltr'><strong>visa</strong></span> <span class='ocrx_word' id='word_1_91' title='bbox 1526 1394 1633 1428; x_wconf 89' lang='lat' dir='ltr'><strong>sunt.</strong></span> 
     </span>
     <span class='ocr_line' id='line_1_17' title="bbox 345 1466 1637 1516; baseline -0.004 -8"><span class='ocrx_word' id='word_1_92' title='bbox 345 1470 514 1509; x_wconf 84' lang='lat' dir='ltr'><strong>Etenim</strong></span> <span class='ocrx_word' id='word_1_93' title='bbox 534 1474 695 1508; x_wconf 86' lang='lat' dir='ltr'><strong>veteres</strong></span> <span class='ocrx_word' id='word_1_94' title='bbox 715 1469 786 1506; x_wconf 86' lang='lat' dir='ltr'><strong>illa</strong></span> <span class='ocrx_word' id='word_1_95' title='bbox 806 1469 916 1506; x_wconf 88' lang='lat' dir='ltr'><strong>inter</strong></span> <span class='ocrx_word' id='word_1_96' title='bbox 935 1466 1131 1506; x_wconf 87' lang='lat' dir='ltr'><strong>adverbia</strong></span> <span class='ocrx_word' id='word_1_97' title='bbox 1150 1467 1358 1515; x_wconf 82' lang='lat' dir='ltr'><strong>rettulere7</strong></span> <span class='ocrx_word' id='word_1_98' title='bbox 1389 1479 1637 1516; x_wconf 89' lang='lat' dir='ltr'><strong>quamquam</strong></span> 
     </span>
     <span class='ocr_line' id='line_1_18' title="bbox 345 1541 1633 1594; baseline -0.005 -10"><span class='ocrx_word' id='word_1_99' title='bbox 345 1546 515 1585; x_wconf 89' lang='lat' dir='ltr'><strong>minime</strong></span> <span class='ocrx_word' id='word_1_100' title='bbox 553 1543 788 1582; x_wconf 87' lang='lat' dir='ltr'><strong>definitioni</strong></span> <span class='ocrx_word' id='word_1_101' title='bbox 824 1544 895 1593; x_wconf 83' lang='lat' dir='ltr'><strong>illi,</strong></span> <span class='ocrx_word' id='word_1_102' title='bbox 942 1557 1065 1594; x_wconf 89' lang='lat' dir='ltr'><strong>quam</strong></span> <span class='ocrx_word' id='word_1_103' title='bbox 1108 1541 1317 1581; x_wconf 85' lang='lat' dir='ltr'><strong>adverbiis</strong></span> <span class='ocrx_word' id='word_1_104' title='bbox 1361 1541 1633 1593; x_wconf 82' lang='lat' dir='ltr'><strong>applicarunt,</strong></span> 
     </span>
    </p>
   </div>
   <div class='ocr_carea' id='block_1_3' title="bbox 346 1617 978 1671">
    <p class='ocr_par' dir='ltr' id='par_1_7' title="bbox 346 1617 978 1671">
     <span class='ocr_line' id='line_1_19' title="bbox 346 1617 978 1671; baseline -0.006 -11"><span class='ocrx_word' id='word_1_105' title='bbox 346 1620 569 1660; x_wconf 79' lang='lat' dir='ltr'><strong>convenire</strong></span> <span class='ocrx_word' id='word_1_106' title='bbox 597 1632 717 1671; x_wconf 86' lang='lat' dir='ltr'><strong>posse</strong></span> <span class='ocrx_word' id='word_1_107' title='bbox 746 1617 978 1658; x_wconf 84' lang='lat' dir='ltr'><strong>videantur.</strong></span> 
     </span>
    </p>
   </div>
   <div class='ocr_carea' id='block_1_4' title="bbox 850 1776 1115 1810">
    <p class='ocr_par' dir='ltr' id='par_1_8' title="bbox 850 1776 1115 1810">
     <span class='ocr_line' id='line_1_20' title="bbox 850 1776 1115 1810; baseline -0.015 1"><span class='ocrx_word' id='word_1_108' title='bbox 850 1776 1115 1810; x_wconf 37' lang='lat' dir='ltr'><strong>——effiizax—</strong></span> 
     </span>
    </p>
   </div>
   <div class='ocr_carea' id='block_1_5' title="bbox 754 1916 1239 1978">
    <p class='ocr_par' dir='ltr' id='par_1_9' title="bbox 754 1916 1239 1978">
     <span class='ocr_line' id='line_1_21' title="bbox 754 1916 1239 1978; baseline -0.004 0"><span class='ocrx_word' id='word_1_109' title='bbox 754 1916 1113 1978; x_wconf 76' lang='lat' dir='ltr'><strong>Pars</strong></span> <span class='ocrx_word' id='word_1_110' title='bbox 1153 1916 1239 1976; x_wconf 66' lang='grc' dir='ltr'><strong>Κ.</strong></span> 
     </span>
    </p>
   </div>
   <div class='ocr_carea' id='block_1_6' title="bbox 370 2011 1615 2199">
    <p class='ocr_par' dir='ltr' id='par_1_10' title="bbox 370 2011 1615 2199">
     <span class='ocr_line' id='line_1_22' title="bbox 370 2011 1615 2102; baseline -0.006 -17"><span class='ocrx_word' id='word_1_111' title='bbox 370 2015 639 2098; x_wconf 77' lang='lat' dir='ltr'><strong>„Terentii</strong></span> <span class='ocrx_word' id='word_1_112' title='bbox 685 2014 738 2082; x_wconf 85' lang='lat' dir='ltr'><strong>et</strong></span> <span class='ocrx_word' id='word_1_113' title='bbox 782 2012 1012 2102; x_wconf 76' lang='lat' dir='ltr'><strong>Vergilii</strong></span> <span class='ocrx_word' id='word_1_114' title='bbox 1056 2011 1419 2101; x_wconf 79' lang='lat' dir='ltr'><strong>interpretum</strong></span> <span class='ocrx_word' id='word_1_115' title='bbox 1464 2011 1615 2099; x_wconf 78' lang='lat' dir='ltr'><strong>frag-</strong></span> 
     </span>
     <span class='ocr_line' id='line_1_23' title="bbox 691 2111 1292 2199; baseline -0.005 -17"><span class='ocrx_word' id='word_1_116' title='bbox 691 2114 882 2194; x_wconf 79' lang='lat' dir='ltr'><strong>menta</strong></span> <span class='ocrx_word' id='word_1_117' title='bbox 927 2111 1292 2199; x_wconf 81' lang='lat' dir='ltr'><strong>syntactiea“.</strong></span> 
     </span>
    </p>
   </div>
   <div class='ocr_carea' id='block_1_7' title="bbox 343 2221 1635 2499">
    <p class='ocr_par' dir='ltr' id='par_1_11' title="bbox 343 2221 1635 2499">
     <span class='ocr_line' id='line_1_24' title="bbox 471 2221 1514 2269; baseline -0.006 -5"><span class='ocrx_word' id='word_1_118' title='bbox 471 2228 528 2264; x_wconf 79' lang='grc' dir='ltr'><strong>Α.</strong></span> <span class='ocrx_word' id='word_1_119' title='bbox 559 2226 602 2263; x_wconf 88' lang='grc'><strong>1.</strong></span> <span class='ocrx_word' id='word_1_120' title='bbox 632 2226 711 2263; x_wconf 81' lang='lat' dir='ltr'><strong>De</strong></span> <span class='ocrx_word' id='word_1_121' title='bbox 741 2223 981 2261; x_wconf 78' lang='lat' dir='ltr'><strong>oratione</strong></span> <span class='ocrx_word' id='word_1_122' title='bbox 1011 2221 1228 2269; x_wconf 75' lang='lat' dir='ltr'><strong>eiusque</strong></span> <span class='ocrx_word' id='word_1_123' title='bbox 1258 2221 1514 2268; x_wconf 54' lang='lat' dir='ltr'><strong>partibus</strong></span> 
     </span>
     <span class='ocr_line' id='line_1_25' title="bbox 593 2292 1400 2345; baseline -0.007 -6"><span class='ocrx_word' id='word_1_124' title='bbox 593 2296 724 2339; x_wconf 79' lang='lat' dir='ltr'><strong>Servii</strong></span> <span class='ocrx_word' id='word_1_125' title='bbox 753 2306 890 2338; x_wconf 84' lang='lat' dir='ltr'><strong>comm.</strong></span> <span class='ocrx_word' id='word_1_126' title='bbox 918 2294 961 2336; x_wconf 85' lang='lat' dir='ltr'><strong>in</strong></span> <span class='ocrx_word' id='word_1_127' title='bbox 990 2293 1108 2345; x_wconf 83' lang='lat' dir='ltr'><strong>Verg.</strong></span> <span class='ocrx_word' id='word_1_128' title='bbox 1138 2293 1235 2334; x_wconf 82' lang='lat' dir='ltr'><strong>Aen.</strong></span> <span class='ocrx_word' id='word_1_129' title='bbox 1264 2293 1311 2334; x_wconf 86' lang='lat' dir='ltr'><strong>V.</strong></span> <span class='ocrx_word' id='word_1_130' title='bbox 1340 2292 1400 2334; x_wconf 79' lang='lat'><strong>19:</strong></span> 
     </span>
     <span class='ocr_line' id='line_1_26' title="bbox 343 2369 1635 2424; baseline -0.007 -9"><span class='ocrx_word' id='word_1_131' title='bbox 343 2389 496 2415; x_wconf 89' lang='lat' dir='ltr'><strong>nomen</strong></span> <span class='ocrx_word' id='word_1_132' title='bbox 526 2378 567 2413; x_wconf 91' lang='lat' dir='ltr'><strong>et</strong></span> <span class='ocrx_word' id='word_1_133' title='bbox 596 2371 840 2413; x_wconf 84' lang='lat' dir='ltr'><strong>adverbium</strong></span> <span class='ocrx_word' id='word_1_134' title='bbox 876 2371 1119 2424; x_wconf 85' lang='lat' dir='ltr'><strong>plerumque</strong></span> <span class='ocrx_word' id='word_1_135' title='bbox 1148 2369 1192 2408; x_wconf 88' lang='lat' dir='ltr'><strong>in</strong></span> <span class='ocrx_word' id='word_1_136' title='bbox 1221 2383 1264 2408; x_wconf 86' lang='lat' dir='ltr'><strong>se</strong></span> <span class='ocrx_word' id='word_1_137' title='bbox 1297 2372 1531 2408; x_wconf 89' lang='lat' dir='ltr'><strong>transeunt:</strong></span> <span class='ocrx_word' id='word_1_138' title='bbox 1562 2380 1635 2406; x_wconf 88' lang='lat' dir='ltr'><strong>no-</strong></span> 
     </span>
     <span class='ocr_line' id='line_1_27' title="bbox 345 2446 1635 2499; baseline -0.007 -9"><span class='ocrx_word' id='word_1_139' title='bbox 345 2464 441 2491; x_wconf 89' lang='lat' dir='ltr'><strong>men</strong></span> <span class='ocrx_word' id='word_1_140' title='bbox 481 2450 524 2488; x_wconf 89' lang='lat' dir='ltr'><strong>in</strong></span> <span class='ocrx_word' id='word_1_141' title='bbox 568 2448 811 2488; x_wconf 89' lang='lat' dir='ltr'><strong>adverbium</strong></span> <span class='ocrx_word' id='word_1_142' title='bbox 855 2447 963 2498; x_wconf 83' lang='lat' dir='ltr'>(VII.</span> <span class='ocrx_word' id='word_1_143' title='bbox 1002 2446 1096 2496; x_wconf 79' lang='lat'>399&gt;</span> <span class='ocrx_word' id='word_1_144' title='bbox 1147 2448 1419 2499; x_wconf 84' lang='lat' dir='ltr'><strong>„torvumque</strong></span> <span class='ocrx_word' id='word_1_145' title='bbox 1460 2447 1635 2497; x_wconf 85' lang='lat' dir='ltr'><strong>repente</strong></span> 
     </span>
    </p>
   </div>
  </div>
 </body>
</html>
