1874 2917
875 178 1114 216 *80—

354 341 477 379 quam
511 332 557 366 ut
585 327 713 366 Probi
755 328 1146 377 „annotationibus“
1188 328 1255 367 hic
1284 329 1476 368 Servium
1517 342 1638 369 usum

354 418 441 442 esse
473 417 678 454 negemus,
710 407 751 442 et
778 403 912 442 levior
940 408 1012 453 est,
1044 418 1167 455 quam
1195 408 1242 443 ut
1270 418 1320 443 ex
1349 405 1429 443 alio
1459 404 1638 456 quodam

353 484 521 517 auctore
540 478 646 516 hanc
665 478 793 516 Probi
814 479 1098 529 quaestionem
1120 479 1311 518 Servium
1330 479 1514 518 hausisse
1543 493 1639 519 con-

354 555 461 592 icere
489 553 609 591 nobis
639 553 773 591 liceat.

481 628 609 665 Plura
655 625 764 678 apud
812 628 1004 666 Servium
1050 628 1296 666 nominatim
1343 627 1510 679 quidem
1555 642 1641 667 non

354 707 636 741 memorantur
656 716 676 739 e
696 702 824 740 Probi
845 702 975 754 copiis
995 702 1158 751 hausta3
1189 707 1329 741 tamen
1357 702 1529 742 dubium
1555 716 1641 743 non

357 782 429 827 est,
462 778 562 829 quin
583 777 762 826 Servius,
796 776 907 828 quod
935 781 976 816 et
1004 778 1049 816 in
1077 777 1169 816 aliis
1188 777 1299 828 fecit,
1332 778 1494 830 saepius
1512 779 1641 818 Probi

354 858 394 890 et
415 853 732 890 commentarios
754 857 795 890 et
815 853 943 890 libros
962 853 1055 890 illos
1084 854 1377 902 grammaticos
1405 852 1641 892 adhibuerit

354 932 395 966 et
423 928 535 966 illius
572 925 803 966 doctrinam
840 927 924 966 suis
961 927 1182 966 inseruerit
1211 928 1390 966 scholiis.
1448 928 1640 979 Exempli

354 1015 476 1039 causa-
504 1001 579 1038 hos
608 999 729 1038 modo
751 1001 887 1039 Servii
912 1004 954 1038 et
978 1001 1179 1039 librorum
1206 1001 1373 1039 illorum
1400 1002 1639 1052 grammati-

356 1090 498 1115 corum
527 1076 639 1114 locos
669 1076 937 1115 contulimus:

434 1152 548 1188 Serv.
581 1149 633 1188 ad
659 1150 763 1188 Aen.
794 1151 869 1188 ΠΙ.
901 1151 980 1188 416
1010 1155 1051 1188 et
1079 1151 1130 1188 53
1168 1155 1209 1188 et
1236 1151 1358 1189 Prob.
1400 1151 1531 1189 instit.
1563 1154 1637 1188 art.

546 1239 585 1277 p.
619 1226 695 1264 148
724 1226 775 1263 K.
808 1225 858 1263 cf.
891 1229 932 1263 et
962 1226 1074 1265 Serv.
1107 1224 1158 1264 ad
1186 1226 1291 1265 Don.
1322 1240 1360 1278 p.
1391 1226 1471 1265 420
1498 1227 1550 1265 K.

434 1302 548 1339 Serv.
580 1299 631 1338 ad
660 1300 763 1338 Aen.
795 1302 844 1338 11.
876 1301 926 1338 61
958 1304 999 1338 et
1026 1301 1148 1339 Prob.
1179 1301 1309 1339 instit.
1340 1314 1379 1352 p.
1412 1302 1488 1339 148
1516 1302 1569 1339 K.

434 1377 548 1414 Serv.
581 1373 632 1412 ad
660 1375 763 1413 Aen.
794 1375 887 1414 VII.
921 1375 997 1413 787
1028 1379 1068 1413 et
1088 1375 1209 1414 Prob.
1240 1375 1370 1413 instit.
1402 1389 1439 1427 p.
1472 1375 1563 1425 73,9
1583 1376 1636 1415 K.

546 1450 597 1487 cf.
631 1453 671 1487 et
690 1450 840 1487 Donat.
872 1450 952 1487 374
976 1463 1061 1500 sqq.
1084 1451 1154 1498 K.;
1187 1450 1300 1488 Serv.
1331 1463 1369 1500 p.
1399 1450 1547 1498 431‚14
1566 1450 1637 1498 K.;

546 1525 691 1576 Pomp.
723 1538 760 1576 p.
795 1525 870 1563 156
900 1538 957 1575 sq.
989 1525 1041 1563 K.

481 1601 531 1638 In
574 1600 750 1649 singulis
793 1603 931 1636 autem
969 1612 1073 1649 quae
1106 1599 1364 1636 Kirchnerus
1401 1599 1522 1637 nobis
1556 1612 1641 1637 non

352 1675 546 1727 probavit
574 1672 806 1713 refutandis
841 1671 1040 1712 desudare
1078 1672 1401 1725 supersedemus,
1447 1674 1641 1725 quoniam

352 1764 428 1788 nec
457 1749 590 1787 nostri
618 1749 803 1787 instituti
846 1752 908 1786 est
949 1748 1051 1786 haec
1095 1748 1280 1799 quaestio
1323 1761 1457 1799 neque
1498 1727 1641 1800 p‘au'cis

353 1825 492 1864 verbis
522 1824 682 1863 absolvi
711 1827 859 1875 potest.

481 1899 640 1947 Quibus
684 1899 820 1937 allatis
858 1898 1049 1937 Servium
1092 1901 1133 1936 et
1169 1898 1326 1937 Valerii
1364 1898 1492 1936 Probi
1530 1911 1640 1936 com-

351 1974 601 2013 mentarium
635 1973 925 2024 Vergilianum
962 1977 1003 2011 et
1039 1972 1166 2011 libros
1208 1972 1302 2011 illos
1345 1973 1639 2023 grammaticos

351 2050 401 2088 de
431 2049 646 2088 catholicis
674 2048 962 2099 institutisque
991 2048 1143 2086 artium
1163 2051 1259 2086 ante
1279 2048 1420 2086 oculos
1445 2048 1638 2087 habuisse

351 2125 442 2176 quis
477 2128 539 2162 est
568 2123 639 2175 qui
673 2123 825 2174 neget?
881 2123 967 2161 Nos
1009 2135 1118 2172 vero,
1164 2135 1416 2174 quamquam
1457 2122 1642 2162 nobilem

350 2205 538 2239 nostrum
577 2199 897 2250 grammaticum
934 2202 1058 2250 atque
1087 2197 1348 2249 artigraphos
1376 2197 1470 2236 illos
1498 2211 1641 2237 recen-

349 2275 468 2313 tioris
515 2274 662 2313 aetatis
710 2286 844 2325 neque
891 2271 1034 2311 eodem
1081 2261 1266 2324 tempore
1307 2272 1462 2311 vixisse
1490 2286 1642 2325 -neque

350 2351 599 2389 auctoritate
620 2347 917 2399 comparandos
939 2361 1026 2386 esse
1046 2348 1129 2386 iam
1157 2346 1318 2398 pridem
1346 2347 1641 2401 intelleximus,

350 2431 490 2466 tamen
519 2425 586 2463 hic
618 2436 687 2461 eos
717 2435 963 2474 componere
991 2435 1076 2461 non
1106 2420 1398 2471 dubitavimus,
1433 2421 1530 2473 quia
1549 2422 1642 2461 Ser-
