1874 2917
834 162 1099 212 -62—.

309 312 503 357 videatur
547 312 686 356 fontes
733 330 876 356 eorum
922 316 1131 368 indagare.
1205 317 1268 356 Ac
1313 312 1599 357 libentissimis

310 397 545 445 repetamus
581 392 730 431 animis
760 391 1045 432 Westerhovii
1081 396 1240 442 votum,
1283 392 1355 444 qui
1395 392 1440 431 in
1481 404 1598 445 prae-

310 468 468 506 fatione
498 466 550 506 ad
578 467 763 506 Terentii
792 481 863 506 sex
893 466 1199 506 comoediarum
1228 466 1453 506 editionem
1483 468 1548 517 (Α.
1563 467 1598 507 Ι.

310 556 349 594 p.
383 544 450 593 18)
480 542 580 580 haec
609 542 697 580 fere
726 543 802 582 ait:

440 617 501 667 „O
522 616 685 655 utinam
704 616 868 667 integer
887 620 1119 668 superesset
1133 616 1340 655 Donatus!
1371 647 1380 655 .
1411 646 1419 655 .
1452 647 1459 655 .
1491 615 1598 655 acci-

311 691 374 731 dit
401 692 599 730 nimirum
637 691 795 744 optimo
832 691 1061 743 interpreti,
1107 689 1218 743 quod
1259 689 1457 730 accidisse
1500 691 1599 731 olim

310 768 499 818 pluribus
528 780 613 804 non
641 767 843 817 pessimae
871 771 995 804 notae
1035 767 1305 817 scriptoribus
1342 767 1489 805 merito
1526 766 1598 805 do-

310 842 399 881 lent
427 840 591 891 eruditi,
631 844 679 880 ut
707 840 906 880 nimirum
933 840 1044 880 bona
1072 841 1136 880 sui
1163 845 1292 894 parte,
1336 841 1519 881 mutilati
1547 839 1599 880 ad

310 930 386 955 nos
405 917 711 968 pervenerint“.
757 921 799 954 et
819 930 893 954 suo
913 917 1003 954 iure
1022 917 1177 967 Tanag.
1199 917 1334 954 Faber
1353 915 1404 954 ad
1422 916 1598 955 Phaedr.

310 992 356 1031 L.
387 991 412 1030 i.
443 991 471 1030 f.
502 991 530 1029 4
558 994 809 1042 conquestus
838 994 911 1041 est,
942 1004 1037 1029 cum
1066 989 1238 1030 diceret:

439 1078 551 1115 „non
580 1066 713 1116 magis
742 1065 934 1104 Servium
963 1064 1087 1103 hodie
1115 1065 1327 1115 habemus,
1360 1079 1483 1116 quam
1511 1066 1596 1104 Do-

310 1141 399 1179 nati
428 1141 472 1179 in
501 1141 743 1181 Terentium
781 1124 1135 1179 commentarium.
1193 1141 1400 1193 Excerpta
1435 1145 1599 1181 tantum

311 1219 549 1266 supersunt:
580 1219 622 1253 et
650 1215 813 1266 saepius
842 1228 865 1252 a
893 1215 1002 1252 mala
1030 1217 1195 1253 manu.“

440 1290 499 1328 At
527 1294 667 1328 tamen
696 1303 945 1340 quamquam
975 1289 1170 1328 abhorret
1212 1290 1374 1329 animus
1411 1291 1461 1329 ab
1490 1291 1598 1329 iniu-

311 1362 564 1403 cundissimo
593 1364 734 1402 labore
762 1364 845 1402 iam
873 1363 1056 1402 nitamur
1080 1364 1236 1402 Donati
1264 1365 1600 1404 commentatoris

311 1439 450 1478 fontes
478 1439 742 1490 investigare.

439 1525 502 1564 Ac
539 1525 720 1576 primum
757 1523 924 1576 quidem
960 1525 1118 1576 priores
1151 1525 1317 1564 Donato
1351 1525 1599 1577 interpretes

311 1600 506 1650 Terentii,
548 1600 702 1652 quippe
731 1614 780 1638 ex
809 1600 959 1651 quibus
987 1600 1209 1650 Donatum,
1248 1614 1495 1652 quamquam
1523 1601 1598 1640 hos

311 1675 369 1713 sic
399 1679 441 1712 et
468 1675 639 1725 ingenio
669 1679 711 1713 et
738 1673 883 1713 iudicii
912 1675 1101 1713 acumine
1129 1676 1350 1726 superavit,
1381 1679 1429 1714 ut
1457 1689 1599 1716 eorum

310 1750 599 1789 commentarii
627 1763 725 1802 prae
753 1750 826 1789 illo
856 1750 1025 1789 omnino
1054 1749 1141 1789 fere
1169 1750 1351 1802 neglecti
1376 1765 1467 1790 esse
1483 1750 1597 1791 vide-

310 1830 443 1874 antur,
494 1824 695 1876 quaedam
742 1825 926 1863 hausisse
973 1828 1297 1863 consentaneum
1343 1826 1407 1876 sit,
1456 1827 1598 1878 paucis

310 1900 518 1939 illustrare
546 1899 667 1939 nobis
695 1900 870 1951 liceat.*)
927 1900 1074 1939 Plures
1103 1900 1214 1939 enim
1243 1904 1431 1940 veterum
1461 1915 1597 1953 gram-

310 1975 557 2013 maticorum
605 1975 876 2013 Terentianos
933 1975 1212 2026 composuisse
1267 1976 1595 2026 commentarios,

311 2050 474 2088 etiamsi
503 2050 725 2089 memoriae
753 2050 859 2089 nihil
888 2048 1113 2101 quidquam
1141 2050 1196 2089 sit
1232 2048 1454 2102 proditum,
1500 2064 1597 2090 con-

309 2123 501 2163 iectando
543 2125 611 2164 vel
653 2123 750 2163 inde
792 2124 956 2176 assequi
997 2124 1121 2163 licere
1165 2124 1423 2177 Schopenius
1464 2128 1594 2179 putat,

311 2199 422 2251 quod
449 2204 614 2239 tantum
642 2213 728 2239 non
757 2213 898 2239 omnes
936 2200 1161 2238 latinorum
1198 2200 1448 2251 scriptorum
1483 2201 1597 2253 prin-

310 2275 433 2327 cipes,
470 2275 514 2313 in
544 2275 703 2327 quibus,
740 2275 775 2314 si
804 2275 871 2314 cui
900 2275 981 2324 alii,
1019 2274 1177 2313 comico
1206 2278 1348 2313 nostro
1378 2279 1441 2314 est
1468 2276 1594 2327 locus,

439 2382 474 2425 ἥ)
496 2384 578 2415 Lud.
614 2383 784 2425 Schopen:
819 2384 1069 2416 observationes
1103 2384 1139 2414 in
1172 2383 1298 2416 Donati
1332 2393 1416 2425 qnae
1452 2384 1598 2417 feruntur

310 2426 448 2460 scholia.
494 2426 600 2458 Bonn.
648 2426 729 2477 l82l
755 2426 886 2460 dissert.
911 2425 1125 2468 inauguralis.
1149 2436 1181 2469 p.
1204 2426 1257 2461 30.
1280 2437 1350 2472 sqq.
1371 2470 1374 2473 ἱ
