1874 2917
872 207 922 212 -.
978 184 1003 222 2
1060 208 1110 213 —.

347 334 381 372 si
410 334 470 372 ita
498 332 633 372 dicere
662 334 825 372 licitum
855 339 917 372 est
947 359 996 362 —
1026 335 1077 373 ab
1111 335 1232 373 initio
1267 338 1635 386 grammaticorum

346 406 457 460 apud
477 409 687 447 Romanos
708 407 939 448 studiorum
967 423 1097 461 usque
1127 408 1177 448 ad
1208 423 1349 450 eorum
1379 411 1633 451 obliteratio-

345 498 439 522 nem
478 485 556 521 hoc
592 489 654 521 est
683 498 706 522 a
736 486 921 523 Varrone
958 493 1087 535 usque
1125 485 1176 523 ad
1212 487 1474 525 Priscia-num
1511 502 1633 538 quae-

346 573 508 610 cunque
537 559 657 597 nobis
687 563 845 597 restant
874 559 1028 610 scripta
1047 561 1327 610 grammatica,
1359 561 1466 600 nihil
1486 576 1634 601 curans

345 638 485 672 utrum
529 638 739 672 exst-arent
781 635 944 685 integra
987 648 1038 673 an
1081 634 1303 685 decurtata,
1353 641 1634 687 perscrutatus

345 723 447 758 sum,
493 714 539 746 ut
582 707 783 759 quidquid
825 710 876 747 ad
919 710 1115 760 syntaxin
1158 711 1328 748 latinam
1371 711 1632 750 referendum

345 797 432 822 esse
461 789 651 836 putarem
681 789 722 822 et
751 798 1039 836 componerem
1071 790 1112 823 et
1141 784 1442 825 distribuerem.

476 861 579 897 Cum
610 873 708 897 vero
738 860 816 897 hoc
847 873 949 910 opus
983 859 1033 897 ad
1070 861 1193 898 nimis
1230 863 1413 911 amplum
1451 864 1631 912 spatium

346 935 583 983 accreverit,
603 935 797 986 quoniam
808 935 1026 987 plerosque
1036 936 1147 974 locos
1158 936 1409 975 verbotenus
1422 937 1630 990 exscripsi,

346 1011 538 1059 exiguam
568 1009 690 1047 modo
718 1011 804 1047 eius
834 1014 993 1060 partem
1023 1009 1099 1057 „de
1119 1012 1284 1048 Donato
1307 1016 1347 1049 et
1367 1013 1512 1050 Servio
1535 1026 1631 1062 syn-

346 1088 487 1122 taxeos
517 1084 670 1122 latinae
699 1084 1022 1135 interpretibus“
1052 1084 1162 1123 foras
1193 1085 1349 1123 emitto.

476 1158 631 1206 Quodsi
662 1159 908 1210 quaerimus,
948 1158 1046 1210 quid
1076 1165 1235 1198 veteres
1265 1161 1515 1211 „syntaxin“
1545 1175 1631 1200 esse

347 1235 506 1286 opinati
536 1235 629 1284 sint,
662 1235 900 1273 Priscianus
929 1235 1034 1273 hanc
1056 1249 1200 1274 vocem
1230 1234 1339 1274 idem
1369 1235 1479 1287 quod
1509 1250 1630 1288 „con-

347 1311 643 1348 struct.ione1n“
675 1310 814 1347 valere
844 1309 1034 1347 declarat.
1094 1311 1149 1347 Et
1186 1323 1284 1348 vero
1326 1312 1628 1360 „constructio“

346 1384 612 1436 amplectitur
659 1383 859 1434 quidquid
907 1384 949 1421 in
997 1385 1361 1434 grammaticorum
1406 1385 1629 1424 latinorum

345 1460 462 1497 libris
491 1473 575 1497 11011
605 1458 653 1496 ad
676 1459 987 1509 grammaticam
1008 1459 1254 1497 rhetoricam
1279 1460 1630 1511 lexicographiam

345 1534 687 1586 orthographiam
715 1532 949 1586 prosodiam
978 1535 1169 1586 pertinet.
1226 1535 1332 1572 Item
1362 1549 1629 1587 quaecunque

343 1610 593 1648 recentiores
631 1609 680 1647 de
717 1608 897 1660 periodis
935 1610 1211 1648 enuntiatisve
1249 1609 1511 1649 conserendis
1545 1616 1627 1649 tra-

343 1683 492 1730 didere,
524 1685 630 1724 nihil
659 1683 771 1724 aliud
802 1689 990 1736 spectant
1009 1685 1089 1723 nisi
1109 1685 1321 1736 antiquam
1350 1685 1472 1724 istam
1505 1700 1626 1738 „con-

340 1762 649 1799 strlictionem“.
724 1761 1015 1811 Cogitantibus
1071 1761 1203 1810 igitur
1257 1761 1387 1810 nobis,
1448 1761 1625 1812 quadere

338 1837 517 1888 primum
547 1836 667 1875 nobis
697 1836 751 1874 sit
781 1834 1072 1884 disserendum,
1106 1836 1286 1873 occurrit
1313 1841 1360 1874 ut
1380 1849 1550 1887 agamus
1575 1836 1624 1875 de

338 1912 524 1949 oratione.
546 1912 715 1962 eiusque
736 1911 934 1962 partibus,
957 1924 1133 1961 namque
1154 1915 1200 1948 ut
1221 1924 1300 1961 qua
1316 1912 1623 1950 constructione

335 1986 523 2037 singulae
567 1986 767 2024 orationis
810 1990 948 2037 partes
986 1986 1094 2023 inter
1131 1999 1218 2023 sese
1256 1986 1339 2023 sint
1377 1986 1621 2025 coniunctae

335 2075 644 2113 cognoscamus,
673 2075 773 2112 quas
800 2066 960 2100 veteres
985 2061 1244 2111 grammatici
1264 2066 1401 2112 partes
1423 2062 1620 2100 orationis

331 2136 640 2175 nominaverint
671 2136 772 2188 quin
807 2135 1103 2188 perspiciamus
1137 2133 1316 2174 dilucide
1359 2135 1495 2175 facere
1536 2149 1620 2175 non

330 2226 548 2264 possumus
577 2218 625 2251 ut
645 2211 873 2251 secundum
895 2225 962 2249 eos
983 2211 1187 2264 quomodo
1209 2212 1374 2263 singula
1395 2211 1618 2251 dividenda

329 2287 412 2326 sint
441 2289 753 2327 constituamus.
813 2288 999 2338 Cumque
1029 2287 1392 2338 grammaticorum
1416 2288 1612 2340 plerique,

326 2361 376 2400 de
407 2364 557 2414 quibus
587 2378 638 2402 ne
669 2365 745 2402 sim
776 2364 926 2414 longus
956 2361 1047 2400 dico
1068 2363 1249 2401 Probum
1271 2364 1481 2401 Donatum
1502 2364 1613 2402 Pris-

325 2437 489 2479 cianum
527 2439 570 2477 in
613 2455 660 2482 eo
704 2440 966 2482 consentiant
1008 2441 1056 2476 ut
1096 2441 1189 2476 octo
1232 2441 1369 2491 partes
1412 2438 1611 2481 orationis
