1874 2917
765 188 1002 227 -59K

247 343 289 378 et
317 339 456 378 omnia
484 338 691 392 copiosius
721 337 964 390 doctiusque
983 338 1171 392 exposita
1190 337 1386 376 exhibent
1405 350 1536 389 quam·

245 414 434 452 Donatus
467 414 555 466 ipse
592 417 651 451 et—
668 426 978 465 nonnumquam
1005 413 1143 452 fontes
1171 426 1267 451 suos
1295 416 1368 451 aut
1393 412 1527 450 nomi-

245 492 449 527 nant-aut
476 489 675 541 suspicari
703 488 822 527 nobis
857 489 1116 542 permittunt.
1175 489 1289 535 Quae
1332 502 1426 527 cum
1468 488 1529 526 ita

247 564 341 614 sint,
387 562 576 603 dubitare
617 564 762 616 nequit
799 564 899 616 quin
936 564 986 603 ab
1016 564 1319 616 antiquioribus
1347 563 1527 602 auctori-

247 639 333 688 bus,
364 643 575 690 tamquam
594 639 880 678 communibus
899 639 1096 689 fontibus⁷
1129 652 1270 677 omnes
1296 637 1527 676 doctrinam

247 727 366 755 suam
392 713 682 753 derivaverint.

375 789 566 841 Exempli
594 802 715 827 causa
742 789 843 827 haec
872 789 1017 827 afferre
1047 794 1110 827 sat
1134 790 1229 827 erit:
1259 790 1322 827 De
1341 789 1528 827 oratione

247 866 288 902 et
315 863 502 916 partibus
530 864 618 902 eius
647 862 893 902 disserentes
921 864 1024 902 mire
1053 864 1319 902 consentiunt
1337 864 1527 902 Donatus

246 951 283 991 p.
314 939 392 976 335
421 951 508 990 sqq.
538 939 591 976 K.
631 942 672 976 et
709 938 920 976 Charisius
948 952 986 991 p.
1020 939 1095 976 152
1123 939 1176 977 K.
1222 943 1264 976 et
1305 936 1527 976 Diomedes

244 1027 282 1066 p.
313 1014 393 1052 300
420 1026 506 1065 sqq.
537 1014 589 1052 K.
630 1017 671 1052 et
699 1013 924 1052 Dositheus
967 1027 1003 1067 p.
1048 1014 1126 1053 389
1170 1027 1256 1066 sqq.
1316 1013 1527 1053 Charisius

246 1088 455 1142 participii
501 1088 805 1127 coniunctionis
860 1089 1177 1143 praepositionis
1228 1089 1527 1127 interiectionis

249 1162 538 1202 definitionum
553 1169 762 1203 auctorem
779 1165 1078 1214 Cominianum,
1101 1163 1287 1203 adverbii
1306 1164 1349 1203 C.
1366 1165 1395 1204 J
1396 1164 1528 1202 ulium

246 1239 482 1277 Romanum
510 1239 708 1289 nominat,
751 1238 974 1277 Diomedes
1003 1253 1053 1277 ex
1080 1239 1259 1277 nominis
1288 1237 1528 1277 definitione

247 1327 319 1352 sua
356 1315 556 1353 Scaurum
597 1314 656 1352 ita
697 1313 819 1352 modo
862 1313 1079 1353 dissentire
1122 1314 1190 1363 ait⁷
1235 1319 1281 1352 ut
1309 1328 1333 1352 a
1361 1314 1527 1352 nomine

246 1389 565 1442 appellationem
595 1393 636 1427 et
664 1389 913 1428 vocabulum
942 1393 1117 1442 separet3
1162 1388 1349 1428 adverbii
1391 1393 1528 1427 autem

247 1462 500 1502 definitionis
531 1464 722 1503 omnibus
751 1464 982 1503 communis
1020 1466 1086 1514 (ex
1115 1477 1196 1516 qua
1223 1464 1374 1503 iterum
1402 1465 1527 1503 Scau-

246 1553 338 1577 rum
365 1539 425 1577 ita
454 1537 671 1577 dissentire
697 1543 1000 1589 commemorat,
1031 1544 1079 1578 ut
1098 1539 1269 1578 definiat
1288 1538 1529 1578 adverbium

247 1628 334 1653 esse
352 1613 521 1653 modum
539 1615 600 1652 rei
614 1612 808 1652 dictionis
827 1615 916 1668 ipsa
929 1615 1268 1668 pronuntiatione
1283 1613 1525 1663 definitum)⁷

247 1689 551 1727 coniunctionis
580 1689 871 1727 Palaemonem
900 1693 1111 1727 auctorem
1140 1689 1251 1727 citat.
1309 1690 1416 1727 Item
1443 1689 1527 1727 Do-

245 1767 367 1802 natus
396 1777 433 1817 p.
465 1763 543 1802 375
571 1762 623 1802 K.
661 1768 702 1802 et
731 1763 941 1803 Charisius
970 1778 1006 1817 p.
1041 1765 1117 1803 115
1146 1765 1198 1803 K.
1236 1769 1278 1802 et
1306 1762 1528 1803 Diomedes

246 1852 284 1891 p.
315 1839 393 1876 525
420 1839 473 1876 K.
505 1837 647 1876 eadem
674 1838 760 1876 fere
795 1837 845 1876 de
887 1839 1262 1891 comparativorum
1304 1843 1346 1877 et
1387 1852 1527 1891 super-

246 1912 470 1951 lativorum
508 1913 815 1951 constructione
851 1912 1031 1952 tradunt.
1089 1914 1145 1952 Et
1186 1914 1264 1952 hoc
1305 1914 1393 1966 ipso
1435 1914 1527 1951 loco

250 1991 292 2026 et
321 1987 532 2026 Charisius
561 1992 602 2026 et
628 1987 849 2027 Diomedes
885 1989 1103 2027 uberrimis
1140 2003 1190 2027 ex
1223 1988 1409 2027 fontibus
1442 1988 1528 2027 suis

247 2062 433 2101 hausisse
470 2061 674 2112 videntur,
720 2067 792 2102 aut
833 2077 883 2101 ex
921 2064 963 2102 C.
995 2065 1024 2103 J
1025 2065 1110 2103 ulio
1138 2065 1326 2103 Romano
1370 2068 1442 2102 aut
1478 2078 1529 2102 ex

249 2138 295 2185 Q.
327 2137 519 2176 Terentio
552 2138 705 2177 Scauro
735 2143 806 2177 aut
835 2153 884 2177 ex
912 2140 1170 2178 Palaemone.

376 2213 517 2251 Etiam
545 2212 596 2250 de
624 2214 844 2263 generibus
873 2214 990 2253 verbi
1018 2214 1120 2252 mire
1149 2214 1416 2252 consentiunt
1442 2215 1527 2253 Do-

248 2290 370 2325 natus
408 2301 445 2340 p.
477 2288 554 2326 383
585 2288 679 2337 (K),
725 2288 935 2327 Charisius
976 2302 1014 2341 p.
1061 2289 1138 2327 164
1179 2293 1221 2326 et
1262 2302 1299 2342 p.
1347 2290 1424 2327 168
1459 2289 1525 2338 K.⁷

249 2360 469 2400 Diomedes
511 2375 549 2415 p.
593 2363 671 2401 336
714 2375 812 2414 sqq„
863 2363 1109 2401 Consentius
1145 2377 1183 2416 p.
1214 2364 1303 2413 367,
1353 2377 1528 2415 quorum

250 2435 359 2493 quod
399 2450 520 2480 nemo
563 2441 772 2480 auctorem
813 2438 944 2481 ullum
985 2439 1300 2496 grammaticum
1341 2440 1529 2488 nominat
