<?xml version="1.0" encoding="UTF-8"?>
<!DOCTYPE html PUBLIC "-//W3C//DTD XHTML 1.0 Transitional//EN"
    "http://www.w3.org/TR/xhtml1/DTD/xhtml1-transitional.dtd">
<html xmlns="http://www.w3.org/1999/xhtml" xml:lang="en" lang="en">
 <head>
  <title>
</title>
<meta http-equiv="Content-Type" content="text/html;charset=utf-8" />
  <meta name='ocr-system' content='tesseract 3.04.00' />
  <meta name='ocr-capabilities' content='ocr_page ocr_carea ocr_par ocr_line ocrx_word'/>
</head>
<body>
  <div class='ocr_page' id='page_1' title='image "4737347_0017.png"; bbox 0 0 1874 2917; ppageno 0'>
   <div class='ocr_carea' id='block_1_1' title="bbox 858 179 874 195">
    <p class='ocr_par' dir='ltr' id='par_1_1' title="bbox 858 179 874 195">
     <span class='ocr_line' id='line_1_1' title="bbox 858 179 874 195; baseline 0 0"><span class='ocrx_word' id='word_1_1' title='bbox 858 179 874 195; x_wconf 66' lang='grc' dir='ltr'><strong>θ</strong></span> 
     </span>
    </p>
   </div>
   <div class='ocr_carea' id='block_1_2' title="bbox 747 197 983 235">
    <p class='ocr_par' dir='ltr' id='par_1_2' title="bbox 747 197 983 235">
     <span class='ocr_line' id='line_1_2' title="bbox 747 197 983 235; baseline -0.004 -10"><span class='ocrx_word' id='word_1_2' title='bbox 747 197 983 235; x_wconf 59' lang='lat'><strong>:3-2‘</strong></span> 
     </span>
    </p>
   </div>
   <div class='ocr_carea' id='block_1_3' title="bbox 229 339 1514 1522">
    <p class='ocr_par' dir='ltr' id='par_1_3' title="bbox 229 339 1514 1522">
     <span class='ocr_line' id='line_1_3' title="bbox 229 339 1510 400; baseline -0.003 -12"><span class='ocrx_word' id='word_1_3' title='bbox 229 339 414 388; x_wconf 82' lang='lat' dir='ltr'>statuant</span> <span class='ocrx_word' id='word_1_4' title='bbox 453 349 634 400; x_wconf 88' lang='lat' dir='ltr'>primum</span> <span class='ocrx_word' id='word_1_5' title='bbox 668 348 856 399; x_wconf 84' lang='lat' dir='ltr'>opusculi</span> <span class='ocrx_word' id='word_1_6' title='bbox 896 347 1029 385; x_wconf 88' lang='lat' dir='ltr'>nostri</span> <span class='ocrx_word' id='word_1_7' title='bbox 1070 352 1195 398; x_wconf 90' lang='lat' dir='ltr'>caput</span> <span class='ocrx_word' id='word_1_8' title='bbox 1237 346 1392 398; x_wconf 78' lang='lat' dir='ltr'>optim²e</span> <span class='ocrx_word' id='word_1_9' title='bbox 1434 340 1510 385; x_wconf 74' lang='lat' dir='ltr'>has⁵</span> 
     </span>
     <span class='ocr_line' id='line_1_4' title="bbox 230 406 1509 476; baseline -0.002 -13"><span class='ocrx_word' id='word_1_10' title='bbox 230 428 323 463; x_wconf 83' lang='lat' dir='ltr'>octo</span> <span class='ocrx_word' id='word_1_11' title='bbox 351 427 488 476; x_wconf 85' lang='lat' dir='ltr'>partes</span> <span class='ocrx_word' id='word_1_12' title='bbox 517 422 716 462; x_wconf 86' lang='lat' dir='ltr'>orationis</span> <span class='ocrx_word' id='word_1_13' title='bbox 745 422 875 462; x_wconf 86' lang='lat' dir='ltr'>secuti</span> <span class='ocrx_word' id='word_1_14' title='bbox 904 421 1179 474; x_wconf 74' lang='lat' dir='ltr'>disponemus,</span> <span class='ocrx_word' id='word_1_15' title='bbox 1223 406 1283 461; x_wconf 89' lang='lat' dir='ltr'>ita</span> <span class='ocrx_word' id='word_1_16' title='bbox 1315 417 1363 461; x_wconf 75' lang='lat' dir='ltr'>ut&#39;</span> <span class='ocrx_word' id='word_1_17' title='bbox 1392 416 1509 473; x_wconf 62' lang='lat' dir='ltr'>quasi</span> 
     </span>
     <span class='ocr_line' id='line_1_5' title="bbox 231 480 1512 549; baseline -0.002 -12"><span class='ocrx_word' id='word_1_18' title='bbox 231 498 436 549; x_wconf 70' lang='lat' dir='ltr'>quandam</span> <span class='ocrx_word' id='word_1_19' title='bbox 480 497 829 536; x_wconf 75' lang='lat' dir='ltr'>introductionem</span> <span class='ocrx_word' id='word_1_20' title='bbox 883 496 1235 548; x_wconf 66' lang='lat' dir='ltr'>praefationemve</span> <span class='ocrx_word' id='word_1_21' title='bbox 1282 480 1512 549; x_wconf 58' lang='lat' dir='ltr'>capitulun‘i</span> 
     </span>
     <span class='ocr_line' id='line_1_6' title="bbox 230 558 1512 625; baseline -0.002 -13"><span class='ocrx_word' id='word_1_22' title='bbox 230 573 542 625; x_wconf 88' lang='lat' dir='ltr'>praemittamus</span> <span class='ocrx_word' id='word_1_23' title='bbox 569 573 614 611; x_wconf 88' lang='lat' dir='ltr'>in</span> <span class='ocrx_word' id='word_1_24' title='bbox 643 585 723 623; x_wconf 93' lang='lat' dir='ltr'>quo</span> <span class='ocrx_word' id='word_1_25' title='bbox 753 585 834 623; x_wconf 90' lang='lat' dir='ltr'>qua</span> <span class='ocrx_word' id='word_1_26' title='bbox 861 572 1022 610; x_wconf 87' lang='lat' dir='ltr'>ratione</span> <span class='ocrx_word' id='word_1_27' title='bbox 1057 572 1103 610; x_wconf 93' lang='lat' dir='ltr'>in</span> <span class='ocrx_word' id='word_1_28' title='bbox 1138 562 1319 623; x_wconf 80' lang='lat' dir='ltr'>periodis</span> <span class='ocrx_word' id='word_1_29' title='bbox 1356 558 1512 610; x_wconf 70' lang='lat' dir='ltr'>oratio-⁹</span> 
     </span>
     <span class='ocr_line' id='line_1_7' title="bbox 230 645 1509 699; baseline -0.001 -13"><span class='ocrx_word' id='word_1_30' title='bbox 230 647 295 686; x_wconf 89' lang='lat' dir='ltr'>nis</span> <span class='ocrx_word' id='word_1_31' title='bbox 323 651 460 699; x_wconf 85' lang='lat' dir='ltr'>partes</span> <span class='ocrx_word' id='word_1_32' title='bbox 490 650 531 685; x_wconf 91' lang='lat' dir='ltr'>et</span> <span class='ocrx_word' id='word_1_33' title='bbox 568 645 781 699; x_wconf 89' lang='lat' dir='ltr'>ponendae</span> <span class='ocrx_word' id='word_1_34' title='bbox 817 647 902 685; x_wconf 90' lang='lat' dir='ltr'>sint</span> <span class='ocrx_word' id='word_1_35' title='bbox 935 646 1088 685; x_wconf 87' lang='lat' dir='ltr'>interse</span> <span class='ocrx_word' id='word_1_36' title='bbox 1126 650 1167 685; x_wconf 88' lang='lat' dir='ltr'>et</span> <span class='ocrx_word' id='word_1_37' title='bbox 1203 645 1509 698; x_wconf 80' lang='lat' dir='ltr'>componendae</span> 
     </span>
     <span class='ocr_line' id='line_1_8' title="bbox 230 720 1510 773; baseline 0 -13"><span class='ocrx_word' id='word_1_38' title='bbox 230 723 496 773; x_wconf 85' lang='lat' dir='ltr'>inquiramus.</span> <span class='ocrx_word' id='word_1_39' title='bbox 554 722 750 773; x_wconf 83' lang='lat' dir='ltr'>Sequitur</span> <span class='ocrx_word' id='word_1_40' title='bbox 777 720 881 760; x_wconf 87' lang='lat' dir='ltr'>illud</span> <span class='ocrx_word' id='word_1_41' title='bbox 908 721 1044 773; x_wconf 91' lang='lat' dir='ltr'>ipsum</span> <span class='ocrx_word' id='word_1_42' title='bbox 1087 720 1137 759; x_wconf 91' lang='lat' dir='ltr'>de</span> <span class='ocrx_word' id='word_1_43' title='bbox 1179 734 1259 772; x_wconf 91' lang='lat' dir='ltr'>quo</span> <span class='ocrx_word' id='word_1_44' title='bbox 1301 722 1421 760; x_wconf 89' lang='lat' dir='ltr'>nobis</span> <span class='ocrx_word' id='word_1_45' title='bbox 1463 726 1510 760; x_wconf 89' lang='lat' dir='ltr'>ut</span> 
     </span>
     <span class='ocr_line' id='line_1_9' title="bbox 232 794 1508 852; baseline 0 -16"><span class='ocrx_word' id='word_1_46' title='bbox 232 811 402 849; x_wconf 82' lang='lat' dir='ltr'>agamus</span> <span class='ocrx_word' id='word_1_47' title='bbox 430 797 688 849; x_wconf 87' lang='lat' dir='ltr'>propositum</span> <span class='ocrx_word' id='word_1_48' title='bbox 717 800 779 835; x_wconf 91' lang='lat' dir='ltr'>est</span> <span class='ocrx_word' id='word_1_49' title='bbox 808 794 918 848; x_wconf 89' lang='lat' dir='ltr'>quod</span> <span class='ocrx_word' id='word_1_50' title='bbox 937 800 1058 835; x_wconf 89' lang='lat' dir='ltr'>antea</span> <span class='ocrx_word' id='word_1_51' title='bbox 1087 795 1172 835; x_wconf 88' lang='lat' dir='ltr'>dixi</span> <span class='ocrx_word' id='word_1_52' title='bbox 1192 797 1320 835; x_wconf 89' lang='lat' dir='ltr'>octies</span> <span class='ocrx_word' id='word_1_53' title='bbox 1341 811 1427 852; x_wconf 86' lang='lat' dir='ltr'>esse</span> <span class='ocrx_word' id='word_1_54' title='bbox 1448 796 1508 836; x_wconf 79' lang='lat' dir='ltr'>dj-</span> 
     </span>
     <span class='ocr_line' id='line_1_10' title="bbox 232 870 1510 922; baseline -0.001 -12"><span class='ocrx_word' id='word_1_55' title='bbox 232 871 467 911; x_wconf 77' lang='lat' dir='ltr'>videndum.</span> <span class='ocrx_word' id='word_1_56' title='bbox 540 872 743 918; x_wconf 81' lang='lat' dir='ltr'>Quoniam</span> <span class='ocrx_word' id='word_1_57' title='bbox 783 884 881 909; x_wconf 85' lang='lat' dir='ltr'>vero</span> <span class='ocrx_word' id='word_1_58' title='bbox 925 870 974 909; x_wconf 88' lang='lat' dir='ltr'>de</span> <span class='ocrx_word' id='word_1_59' title='bbox 1015 871 1214 922; x_wconf 81' lang='lat' dir='ltr'>peculiari</span> <span class='ocrx_word' id='word_1_60' title='bbox 1254 871 1510 922; x_wconf 85' lang='lat' dir='ltr'>pronominis</span> 
     </span>
     <span class='ocr_line' id='line_1_11' title="bbox 234 945 1510 999; baseline -0.001 -13"><span class='ocrx_word' id='word_1_61' title='bbox 234 947 540 987; x_wconf 87' lang='lat' dir='ltr'>constructione</span> <span class='ocrx_word' id='word_1_62' title='bbox 581 947 686 985; x_wconf 91' lang='lat' dir='ltr'>nihil</span> <span class='ocrx_word' id='word_1_63' title='bbox 723 945 835 985; x_wconf 87' lang='lat' dir='ltr'>aliud</span> <span class='ocrx_word' id='word_1_64' title='bbox 871 945 953 984; x_wconf 89' lang='grc'>(1101</span> <span class='ocrx_word' id='word_1_65' title='bbox 989 950 1126 998; x_wconf 89' lang='lat' dir='ltr'>potest</span> <span class='ocrx_word' id='word_1_66' title='bbox 1161 947 1242 985; x_wconf 86' lang='lat' dir='ltr'>nisi</span> <span class='ocrx_word' id='word_1_67' title='bbox 1271 960 1361 985; x_wconf 89' lang='lat' dir='ltr'>eam</span> <span class='ocrx_word' id='word_1_68' title='bbox 1389 948 1510 999; x_wconf 90' lang='lat' dir='ltr'>plane</span> 
     </span>
     <span class='ocr_line' id='line_1_12' title="bbox 235 1019 1509 1070; baseline 0 -11"><span class='ocrx_word' id='word_1_69' title='bbox 235 1022 467 1059; x_wconf 89' lang='lat' dir='ltr'>consentire</span> <span class='ocrx_word' id='word_1_70' title='bbox 497 1035 591 1058; x_wconf 90' lang='lat' dir='ltr'>cum</span> <span class='ocrx_word' id='word_1_71' title='bbox 627 1021 816 1069; x_wconf 85' lang='lat' dir='ltr'>nominis,</span> <span class='ocrx_word' id='word_1_72' title='bbox 862 1020 979 1058; x_wconf 88' lang='lat' dir='ltr'>cuius</span> <span class='ocrx_word' id='word_1_73' title='bbox 1015 1021 1106 1058; x_wconf 90' lang='grc'>1000</span> <span class='ocrx_word' id='word_1_74' title='bbox 1144 1019 1372 1070; x_wconf 68' lang='lat' dir='ltr'>adhibetur,</span> <span class='ocrx_word' id='word_1_75' title='bbox 1413 1034 1509 1059; x_wconf 89' lang='lat' dir='ltr'>con-</span> 
     </span>
     <span class='ocr_line' id='line_1_13' title="bbox 234 1095 1511 1147; baseline 0 -13"><span class='ocrx_word' id='word_1_76' title='bbox 234 1096 471 1144; x_wconf 88' lang='lat' dir='ltr'>structione,</span> <span class='ocrx_word' id='word_1_77' title='bbox 518 1099 676 1146; x_wconf 88' lang='lat' dir='ltr'>septem</span> <span class='ocrx_word' id='word_1_78' title='bbox 711 1099 870 1133; x_wconf 86' lang='lat' dir='ltr'>restant</span> <span class='ocrx_word' id='word_1_79' title='bbox 911 1095 1047 1146; x_wconf 87' lang='lat' dir='ltr'>capita</span> <span class='ocrx_word' id='word_1_80' title='bbox 1084 1108 1258 1146; x_wconf 88' lang='lat' dir='ltr'>quorum</span> <span class='ocrx_word' id='word_1_81' title='bbox 1293 1100 1354 1134; x_wconf 90' lang='lat' dir='ltr'>est</span> <span class='ocrx_word' id='word_1_82' title='bbox 1386 1096 1511 1147; x_wconf 87' lang='lat' dir='ltr'>longe</span> 
     </span>
     <span class='ocr_line' id='line_1_14' title="bbox 235 1168 1512 1223; baseline 0.001 -14"><span class='ocrx_word' id='word_1_83' title='bbox 235 1171 533 1223; x_wconf 90' lang='lat' dir='ltr'>amplissimum</span> <span class='ocrx_word' id='word_1_84' title='bbox 562 1168 672 1221; x_wconf 89' lang='lat' dir='ltr'>quod</span> <span class='ocrx_word' id='word_1_85' title='bbox 701 1173 763 1208; x_wconf 90' lang='lat' dir='ltr'>est</span> <span class='ocrx_word' id='word_1_86' title='bbox 791 1168 841 1208; x_wconf 91' lang='grc'>(10</span> <span class='ocrx_word' id='word_1_87' title='bbox 869 1170 1006 1220; x_wconf 82' lang='lat' dir='ltr'>verbo,</span> <span class='ocrx_word' id='word_1_88' title='bbox 1039 1170 1135 1221; x_wconf 90' lang='lat' dir='ltr'>quia</span> <span class='ocrx_word' id='word_1_89' title='bbox 1162 1183 1246 1208; x_wconf 92' lang='lat' dir='ltr'>non</span> <span class='ocrx_word' id='word_1_90' title='bbox 1274 1169 1396 1209; x_wconf 92' lang='lat' dir='ltr'>modo</span> <span class='ocrx_word' id='word_1_91' title='bbox 1426 1171 1512 1210; x_wconf 86' lang='lat' dir='ltr'>eius</span> 
     </span>
     <span class='ocr_line' id='line_1_15' title="bbox 236 1244 1514 1296; baseline 0 -11"><span class='ocrx_word' id='word_1_92' title='bbox 236 1246 586 1285; x_wconf 87' lang='lat' dir='ltr'>constructionem</span> <span class='ocrx_word' id='word_1_93' title='bbox 615 1244 687 1284; x_wconf 90' lang='lat' dir='ltr'>sed</span> <span class='ocrx_word' id='word_1_94' title='bbox 715 1245 839 1283; x_wconf 90' lang='lat' dir='ltr'>etiam</span> <span class='ocrx_word' id='word_1_95' title='bbox 860 1244 1060 1296; x_wconf 87' lang='lat' dir='ltr'>quidquid</span> <span class='ocrx_word' id='word_1_96' title='bbox 1087 1244 1138 1284; x_wconf 89' lang='lat' dir='ltr'>ad</span> <span class='ocrx_word' id='word_1_97' title='bbox 1167 1246 1514 1296; x_wconf 85' lang='lat' dir='ltr'>significationem</span> 
     </span>
     <span class='ocr_line' id='line_1_16' title="bbox 237 1318 1512 1371; baseline 0 -12"><span class='ocrx_word' id='word_1_98' title='bbox 237 1326 278 1359; x_wconf 93' lang='lat' dir='ltr'>et</span> <span class='ocrx_word' id='word_1_99' title='bbox 305 1325 492 1371; x_wconf 83' lang='lat' dir='ltr'>tempora</span> <span class='ocrx_word' id='word_1_100' title='bbox 520 1318 745 1370; x_wconf 89' lang='lat' dir='ltr'>modosque</span> <span class='ocrx_word' id='word_1_101' title='bbox 772 1319 889 1358; x_wconf 87' lang='lat' dir='ltr'>verbi</span> <span class='ocrx_word' id='word_1_102' title='bbox 926 1324 1069 1371; x_wconf 90' lang='lat' dir='ltr'>aptum</span> <span class='ocrx_word' id='word_1_103' title='bbox 1103 1320 1147 1358; x_wconf 89' lang='lat' dir='ltr'>in</span> <span class='ocrx_word' id='word_1_104' title='bbox 1181 1321 1343 1371; x_wconf 88' lang='lat' dir='ltr'>scriptis</span> <span class='ocrx_word' id='word_1_105' title='bbox 1372 1326 1512 1359; x_wconf 88' lang='lat' dir='ltr'>aucto-</span> 
     </span>
     <span class='ocr_line' id='line_1_17' title="bbox 236 1394 1513 1447; baseline 0.001 -14"><span class='ocrx_word' id='word_1_106' title='bbox 236 1409 327 1433; x_wconf 89' lang='lat' dir='ltr'>rum</span> <span class='ocrx_word' id='word_1_107' title='bbox 356 1399 592 1433; x_wconf 88' lang='lat' dir='ltr'>nostrorum</span> <span class='ocrx_word' id='word_1_108' title='bbox 620 1398 829 1445; x_wconf 86' lang='lat' dir='ltr'>repertum</span> <span class='ocrx_word' id='word_1_109' title='bbox 863 1398 925 1432; x_wconf 89' lang='lat' dir='ltr'>est</span> <span class='ocrx_word' id='word_1_110' title='bbox 957 1394 1038 1433; x_wconf 92' lang='lat' dir='ltr'>huc</span> <span class='ocrx_word' id='word_1_111' title='bbox 1080 1394 1199 1433; x_wconf 85' lang='lat' dir='ltr'>nobis</span> <span class='ocrx_word' id='word_1_112' title='bbox 1242 1408 1330 1434; x_wconf 91' lang='lat' dir='ltr'>esse</span> <span class='ocrx_word' id='word_1_113' title='bbox 1363 1409 1513 1447; x_wconf 86' lang='lat' dir='ltr'>conge-</span> 
     </span>
     <span class='ocr_line' id='line_1_18' title="bbox 236 1469 1514 1522; baseline 0.001 -14"><span class='ocrx_word' id='word_1_114' title='bbox 236 1469 409 1508; x_wconf 78' lang='lat' dir='ltr'>rendum</span> <span class='ocrx_word' id='word_1_115' title='bbox 439 1470 627 1508; x_wconf 89' lang='lat' dir='ltr'>arbitrati</span> <span class='ocrx_word' id='word_1_116' title='bbox 655 1483 806 1507; x_wconf 86' lang='lat' dir='ltr'>sumus.</span> <span class='ocrx_word' id='word_1_117' title='bbox 863 1470 1003 1520; x_wconf 91' lang='lat' dir='ltr'>thue</span> <span class='ocrx_word' id='word_1_118' title='bbox 1039 1469 1117 1507; x_wconf 89' lang='lat' dir='ltr'>hoc</span> <span class='ocrx_word' id='word_1_119' title='bbox 1153 1470 1278 1521; x_wconf 87' lang='lat' dir='ltr'>longe</span> <span class='ocrx_word' id='word_1_120' title='bbox 1312 1470 1514 1522; x_wconf 88' lang='lat' dir='ltr'>amplissi-</span> 
     </span>
    </p>
   </div>
   <div class='ocr_carea' id='block_1_4' title="bbox 237 1543 1516 1596">
    <p class='ocr_par' dir='ltr' id='par_1_4' title="bbox 237 1543 1516 1596">
     <span class='ocr_line' id='line_1_19' title="bbox 237 1543 1516 1596; baseline 0.001 -12"><span class='ocrx_word' id='word_1_121' title='bbox 237 1559 361 1595; x_wconf 86' lang='lat' dir='ltr'>mum,</span> <span class='ocrx_word' id='word_1_122' title='bbox 398 1545 457 1583; x_wconf 89' lang='lat' dir='ltr'>ita</span> <span class='ocrx_word' id='word_1_123' title='bbox 492 1548 616 1596; x_wconf 89' lang='lat' dir='ltr'>caput</span> <span class='ocrx_word' id='word_1_124' title='bbox 650 1543 700 1583; x_wconf 89' lang='lat' dir='ltr'>de</span> <span class='ocrx_word' id='word_1_125' title='bbox 741 1544 1099 1583; x_wconf 87' lang='lat' dir='ltr'>interiectionibus</span> <span class='ocrx_word' id='word_1_126' title='bbox 1128 1546 1257 1584; x_wconf 87' lang='lat' dir='ltr'>multo</span> <span class='ocrx_word' id='word_1_127' title='bbox 1299 1546 1516 1585; x_wconf 89' lang='lat' dir='ltr'>minimum</span> 
     </span>
    </p>
   </div>
   <div class='ocr_carea' id='block_1_5' title="bbox 239 1619 1580 1673">
    <p class='ocr_par' dir='ltr' id='par_1_5' title="bbox 239 1619 1580 1673">
     <span class='ocr_line' id='line_1_20' title="bbox 239 1619 1580 1673; baseline 0 -14"><span class='ocrx_word' id='word_1_128' title='bbox 239 1634 459 1672; x_wconf 86' lang='lat' dir='ltr'>occupasse</span> <span class='ocrx_word' id='word_1_129' title='bbox 489 1620 668 1671; x_wconf 88' lang='lat' dir='ltr'>spatium</span> <span class='ocrx_word' id='word_1_130' title='bbox 696 1633 817 1658; x_wconf 88' lang='lat' dir='ltr'>nemo</span> <span class='ocrx_word' id='word_1_131' title='bbox 846 1620 997 1658; x_wconf 87' lang='lat' dir='ltr'>mirum</span> <span class='ocrx_word' id='word_1_132' title='bbox 1028 1619 1151 1658; x_wconf 90' lang='lat' dir='ltr'>ducet</span> <span class='ocrx_word' id='word_1_133' title='bbox 1179 1621 1330 1673; x_wconf 89' lang='lat' dir='ltr'>quippe</span> <span class='ocrx_word' id='word_1_134' title='bbox 1360 1620 1409 1659; x_wconf 91' lang='grc'>(10</span> <span class='ocrx_word' id='word_1_135' title='bbox 1430 1622 1517 1660; x_wconf 85' lang='grc'>01113</span> <span class='ocrx_word' id='word_1_136' title='bbox 1576 1627 1580 1631; x_wconf 96' lang='grc'><strong>’</strong></span> 
     </span>
    </p>
   </div>
   <div class='ocr_carea' id='block_1_6' title="bbox 239 1694 1519 2048">
    <p class='ocr_par' dir='ltr' id='par_1_6' title="bbox 239 1694 1517 1810">
     <span class='ocr_line' id='line_1_21' title="bbox 239 1694 1517 1749; baseline 0.002 -15"><span class='ocrx_word' id='word_1_137' title='bbox 239 1696 546 1735; x_wconf 87' lang='lat' dir='ltr'>constructione</span> <span class='ocrx_word' id='word_1_138' title='bbox 575 1694 677 1734; x_wconf 89' lang='lat' dir='ltr'>duos</span> <span class='ocrx_word' id='word_1_139' title='bbox 706 1699 869 1734; x_wconf 91' lang='lat' dir='ltr'>tantum</span> <span class='ocrx_word' id='word_1_140' title='bbox 897 1696 1101 1734; x_wconf 89' lang='lat' dir='ltr'>Prisciani</span> <span class='ocrx_word' id='word_1_141' title='bbox 1133 1697 1245 1735; x_wconf 88' lang='lat' dir='ltr'>locos</span> <span class='ocrx_word' id='word_1_142' title='bbox 1275 1711 1416 1736; x_wconf 89' lang='lat' dir='ltr'>eruere</span> <span class='ocrx_word' id='word_1_143' title='bbox 1444 1711 1517 1749; x_wconf 92' lang='lat' dir='ltr'>po-</span> 
     </span>
     <span class='ocr_line' id='line_1_22' title="bbox 239 1772 448 1810; baseline -0.005 0"><span class='ocrx_word' id='word_1_144' title='bbox 239 1772 448 1810; x_wconf 87' lang='lat' dir='ltr'>tuerimus.</span> 
     </span>
    </p>

    <p class='ocr_par' dir='ltr' id='par_1_7' title="bbox 240 1844 1519 2048">
     <span class='ocr_line' id='line_1_23' title="bbox 367 1844 1518 1900; baseline 0.001 -14"><span class='ocrx_word' id='word_1_145' title='bbox 367 1844 590 1886; x_wconf 83' lang='lat' dir='ltr'>Subdimus</span> <span class='ocrx_word' id='word_1_146' title='bbox 619 1850 886 1898; x_wconf 90' lang='lat' dir='ltr'>conspectum</span> <span class='ocrx_word' id='word_1_147' title='bbox 914 1860 962 1885; x_wconf 86' lang='lat' dir='ltr'>ex</span> <span class='ocrx_word' id='word_1_148' title='bbox 992 1859 1072 1898; x_wconf 92' lang='lat' dir='ltr'>quo</span> <span class='ocrx_word' id='word_1_149' title='bbox 1102 1861 1225 1899; x_wconf 90' lang='lat' dir='ltr'>quam</span> <span class='ocrx_word' id='word_1_150' title='bbox 1252 1848 1401 1899; x_wconf 87' lang='lat' dir='ltr'>prioris</span> <span class='ocrx_word' id='word_1_151' title='bbox 1426 1861 1518 1900; x_wconf 83' lang='lat' dir='ltr'>par-</span> 
     </span>
     <span class='ocr_line' id='line_1_24' title="bbox 240 1920 1519 1972; baseline 0.002 -13"><span class='ocrx_word' id='word_1_152' title='bbox 240 1922 294 1959; x_wconf 91' lang='lat' dir='ltr'>tis</span> <span class='ocrx_word' id='word_1_153' title='bbox 323 1920 636 1972; x_wconf 72' lang='lat' dir='ltr'>dispositionem</span> <span class='ocrx_word' id='word_1_154' title='bbox 664 1921 783 1959; x_wconf 88' lang='lat' dir='ltr'>nobis</span> <span class='ocrx_word' id='word_1_155' title='bbox 809 1920 1083 1960; x_wconf 87' lang='lat' dir='ltr'>adhibendam</span> <span class='ocrx_word' id='word_1_156' title='bbox 1111 1936 1198 1960; x_wconf 90' lang='lat' dir='ltr'>esse</span> <span class='ocrx_word' id='word_1_157' title='bbox 1226 1921 1519 1961; x_wconf 83' lang='lat' dir='ltr'>crediderimus</span> 
     </span>
     <span class='ocr_line' id='line_1_25' title="bbox 242 1996 709 2048; baseline 0 -14"><span class='ocrx_word' id='word_1_158' title='bbox 242 1996 396 2048; x_wconf 92' lang='lat' dir='ltr'>optime</span> <span class='ocrx_word' id='word_1_159' title='bbox 424 1996 709 2047; x_wconf 85' lang='lat' dir='ltr'>intellegatur:</span> 
     </span>
    </p>
   </div>
   <div class='ocr_carea' id='block_1_7' title="bbox 294 2070 1464 2558">
    <p class='ocr_par' dir='ltr' id='par_1_8' title="bbox 294 2070 1464 2558">
     <span class='ocr_line' id='line_1_26' title="bbox 294 2070 1125 2122; baseline -0.002 -10"><span class='ocrx_word' id='word_1_160' title='bbox 294 2071 340 2112; x_wconf 81' lang='lat' dir='ltr'>A.</span> <span class='ocrx_word' id='word_1_161' title='bbox 373 2073 409 2121; x_wconf 89' lang='grc'>1)</span> <span class='ocrx_word' id='word_1_162' title='bbox 440 2070 490 2109; x_wconf 90' lang='grc'>(10</span> <span class='ocrx_word' id='word_1_163' title='bbox 518 2072 703 2109; x_wconf 89' lang='lat' dir='ltr'>oratione</span> <span class='ocrx_word' id='word_1_164' title='bbox 733 2072 901 2121; x_wconf 91' lang='lat' dir='ltr'>eiusque</span> <span class='ocrx_word' id='word_1_165' title='bbox 929 2073 1125 2122; x_wconf 85' lang='lat' dir='ltr'>partibus,</span> 
     </span>
     <span class='ocr_line' id='line_1_27' title="bbox 372 2143 1246 2198; baseline 0.002 -13"><span class='ocrx_word' id='word_1_166' title='bbox 372 2145 411 2198; x_wconf 82' lang='lat'>2)</span> <span class='ocrx_word' id='word_1_167' title='bbox 442 2144 491 2185; x_wconf 89' lang='grc'>(10</span> <span class='ocrx_word' id='word_1_168' title='bbox 521 2143 779 2185; x_wconf 89' lang='lat' dir='ltr'>ordinatione</span> <span class='ocrx_word' id='word_1_169' title='bbox 807 2146 1028 2186; x_wconf 87' lang='lat' dir='ltr'>verborum</span> <span class='ocrx_word' id='word_1_170' title='bbox 1056 2147 1166 2187; x_wconf 86' lang='lat' dir='ltr'>inter</span> <span class='ocrx_word' id='word_1_171' title='bbox 1194 2162 1246 2198; x_wconf 80' lang='lat' dir='ltr'>se,</span> 
     </span>
     <span class='ocr_line' id='line_1_28' title="bbox 372 2221 1464 2273; baseline 0.002 -13"><span class='ocrx_word' id='word_1_172' title='bbox 372 2224 411 2272; x_wconf 88' lang='lat'>3)</span> <span class='ocrx_word' id='word_1_173' title='bbox 442 2221 491 2260; x_wconf 88' lang='lat' dir='ltr'>de</span> <span class='ocrx_word' id='word_1_174' title='bbox 521 2222 812 2260; x_wconf 89' lang='lat' dir='ltr'>coniunctione</span> <span class='ocrx_word' id='word_1_175' title='bbox 839 2224 1022 2273; x_wconf 89' lang='lat' dir='ltr'>partium</span> <span class='ocrx_word' id='word_1_176' title='bbox 1050 2224 1246 2261; x_wconf 82' lang='lat' dir='ltr'>orationis</span> <span class='ocrx_word' id='word_1_177' title='bbox 1276 2224 1385 2262; x_wconf 83' lang='lat' dir='ltr'>inter</span> <span class='ocrx_word' id='word_1_178' title='bbox 1413 2238 1464 2262; x_wconf 87' lang='lat' dir='ltr'>se.</span> 
     </span>
     <span class='ocr_line' id='line_1_29' title="bbox 295 2296 1070 2349; baseline -0.003 -10"><span class='ocrx_word' id='word_1_179' title='bbox 295 2297 338 2339; x_wconf 85' lang='lat' dir='ltr'>B.</span> <span class='ocrx_word' id='word_1_180' title='bbox 370 2298 407 2348; x_wconf 87' lang='lat'>1)</span> <span class='ocrx_word' id='word_1_181' title='bbox 437 2296 487 2336; x_wconf 90' lang='lat' dir='ltr'>de</span> <span class='ocrx_word' id='word_1_182' title='bbox 514 2298 729 2336; x_wconf 82' lang='lat' dir='ltr'>nominum</span> <span class='ocrx_word' id='word_1_183' title='bbox 754 2298 1070 2349; x_wconf 78' lang='lat' dir='ltr'>constructione,</span> 
     </span>
     <span class='ocr_line' id='line_1_30' title="bbox 373 2371 1220 2424; baseline 0.002 -14"><span class='ocrx_word' id='word_1_184' title='bbox 373 2373 413 2422; x_wconf 82' lang='lat'>2)</span> <span class='ocrx_word' id='word_1_185' title='bbox 443 2371 493 2410; x_wconf 86' lang='lat' dir='ltr'>de</span> <span class='ocrx_word' id='word_1_186' title='bbox 521 2372 874 2424; x_wconf 88' lang='lat' dir='ltr'>praepositionum</span> <span class='ocrx_word' id='word_1_187' title='bbox 903 2374 1220 2423; x_wconf 71' lang='lat' dir='ltr'>constructione⁷</span> 
     </span>
     <span class='ocr_line' id='line_1_31' title="bbox 374 2446 1177 2500; baseline 0.002 -14"><span class='ocrx_word' id='word_1_188' title='bbox 374 2448 413 2499; x_wconf 86' lang='lat'>3)</span> <span class='ocrx_word' id='word_1_189' title='bbox 443 2446 493 2486; x_wconf 86' lang='lat' dir='ltr'>de</span> <span class='ocrx_word' id='word_1_190' title='bbox 521 2447 834 2500; x_wconf 79' lang='lat' dir='ltr'>participiorum</span> <span class='ocrx_word' id='word_1_191' title='bbox 861 2449 1177 2500; x_wconf 83' lang='lat' dir='ltr'>constructione,</span> 
     </span>
     <span class='ocr_line' id='line_1_32' title="bbox 1292 2526 1332 2558; baseline 0 -13"><span class='ocrx_word' id='word_1_192' title='bbox 1292 2526 1332 2558; x_wconf 64' lang='lat'>1¹1·</span> 
     </span>
    </p>
   </div>
  </div>
 </body>
</html>
