1874 2917
879 187 1117 228 -40—

354 340 600 392 perativum,
646 353 698 378 an
739 353 813 391 per
856 341 1089 391 optativum
1132 339 1267 379 dicere
1309 340 1540 379 debeamus.
1599 345 1641 379 et

355 419 518 454 constat
547 413 630 453 dici
658 415 805 453 melius
833 429 907 467 per
935 415 1185 467 optativum:
1229 416 1364 467 optari
1400 415 1509 454 enim
1545 428 1639 467 pos-

356 493 463 538 sunt,
495 503 580 527 non
608 489 803 541 imperari
831 490 899 527 vel
927 489 1035 527 bona
1054 490 1122 527 vel
1142 488 1323 528 adversa.
1373 488 1483 541 quod
1502 494 1639 528 autem

356 564 592 604 invenimus
621 578 694 616 per
721 564 1025 616 imperativum,
1057 570 1301 616 usurpatum
1330 569 1402 604 est.

485 649 589 688 Aen.
634 651 703 687 ΙΙΙ.
749 650 837 688 666.
911 650 1089 688 celerare
1131 649 1388 688 infinitivum
1429 663 1504 702 pro
1546 663 1640 702 pro-

356 725 605 766 nuntiativo.

451 820 454 823 *
486 800 589 839 Aen.
621 801 674 838 Π.
709 801 795 838 110.
853 800 1129 851 fecissentque
1158 800 1329 838 utinam.
1389 805 1451 839 est
1484 801 1642 852 signifi-

358 876 465 916 catio
496 874 668 928 optandi
697 890 720 915 a
748 875 972 927 praeterito
1002 880 1197 927 tempore.

487 961 590 1000 Aen.
623 962 693 1000 IV.
724 961 814 1000 422.
864 961 998 999 colere
1027 974 1100 1013 pro
1130 961 1301 1010 colebat,
1334 962 1401 1000 vel
1430 962 1545 1002 colit:
1579 962 1643 1000 in-

360 1037 549 1077 finitivus
578 1050 652 1088 pro
682 1035 921 1075 indicativo.

489 1113 591 1151 Aen.
623 1112 737 1150 VIII.
770 1112 858 1149 689.
917 1125 1044 1149 ruere.
1102 1112 1287 1149 ruebant.

487 1199 590 1237 Aen.
633 1198 703 1235 VI.
752 1198 838 1235 199.
896 1196 1073 1248 prodire.
1131 1196 1368 1248 prodibant3
1412 1198 1645 1236 infinitivus

358 1286 433 1327 pro
463 1270 702 1311 indicativo.
762 1275 803 1309 et
831 1276 928 1310 sunt
956 1272 1111 1310 infiniti
1147 1285 1221 1323 pro
1256 1271 1494 1311 indicativis
1526 1273 1643 1322 (Aen.

359 1349 452 1388 VII.
485 1349 598 1397 390);
645 1352 686 1385 et
727 1352 776 1385 ut
818 1345 996 1385 diximus
1040 1348 1105 1395 (11.
1148 1348 1223 1386 132
1260 1347 1381 1397 Aen.)
1426 1347 1646 1386 historicus

362 1424 482 1462 stilus
512 1428 584 1460 est.
644 1422 761 1472 (Aen.
793 1422 901 1460 Vlll.
933 1423 1039 1465 493).

492 1509 595 1546 Aen.
627 1508 681 1546 X.
713 1509 776 1546 33.
816 1507 970 1545 iuveris
1001 1538 1007 1545 .
1041 1538 1048 1545 .
1081 1537 1088 1545 .
1120 1508 1382 1546 concessivus
1412 1512 1474 1546 est
1503 1506 1648 1546 modus

362 1584 452 1632 istc,
485 1581 711 1621 secundum
731 1582 931 1620 Probum:
962 1596 1139 1632 namque
1168 1582 1211 1620 in
1242 1582 1399 1620 artibus
1428 1595 1512 1620 non
1531 1583 1647 1620 inve-

362 1658 488 1696 nitur.
548 1658 596 1695 fit
638 1662 787 1705 autem,
833 1657 1024 1707 quotiens
1058 1655 1194 1695 taedio
1225 1657 1503 1695 contentionis
1533 1657 1649 1707 quasi

362 1732 553 1772 videmur
582 1731 816 1781 concedere,
850 1730 959 1782 quod
988 1736 1127 1769 tamen
1156 1733 1348 1770 nolumus
1378 1732 1477 1770 fieri.

436 1823 493 1859 B.
528 1822 584 1858 V.
618 1822 693 1858 Rc
723 1821 1148 1858 coniunctionum
1179 1821 1581 1858 constructione.

709 1892 853 1937 Donati
882 1904 1016 1932 comm.
1045 1892 1088 1932 in
1117 1892 1309 1933 Terentii:
1557 1882 1561 1887 ’

492 1977 569 2018 Ad.
589 1979 637 2016 li.
656 1979 764 2028 216:
794 1978 1014 2016 Praeterea
1029 1983 1177 2016 autem.
1219 1981 1411 2032 ἁρχαϊσμός
1426 1983 1488 2016 est
1503 1979 1646 2028 figura.

365 2068 462 2092 nam
492 2059 653 2091 veteres
681 2054 859 2091 libenter
887 2053 1199 2090 coniunctiones
1228 2052 1570 2102 multiplicabant.

492 2140 592 2178 Hec.
614 2140 645 2178 Ι.
668 2140 743 2188 2,8.
792 2139 1007 2177 Mecastor.
1056 2138 1143 2177 Aut
1172 2137 1348 2176 adiectio
1378 2142 1441 2176 est
1460 2142 1501 2175 et
1520 2138 1648 2176 abun-

365 2214 453 2253 dat:
485 2219 556 2253 aut
584 2214 767 2265 positum
797 2217 859 2251 est
887 2226 960 2264 pro
992 2218 1040 2264 μα’
1069 2213 1244 2264 syllaba:
1275 2216 1322 2251 ut
1343 2212 1491 2251 Graeci
1520 2214 1568 2262 μά
1592 2213 1649 2250 τὸν

359 2291 564 2329 Ἀπόλλωνα
593 2289 746 2327 dicunt.

438 2405 442 2408 ,
495 2366 593 2402 Hec.
643 2366 696 2402 II.
749 2365 848 2413 1‚41.
916 2366 1180 2415 Supervacua
1226 2363 1396 2415 ponitur
1441 2361 1649 2401 interdum

366 2440 602 2481 coniunctio
633 2440 808 2488 „enim-'⁴7
841 2447 911 2477 aut
940 2453 1014 2493 pro
1045 2440 1174 2479 altera
1203 2438 1505 2479 coniunctione.
