1874 2917
805 152 949 227 *¹⁴69
993 201 1043 206 -

412 329 467 367 Et
485 328 572 379 ipse
592 328 731 367 Julius
747 326 1018 384 Modestusfi‘)
1047 327 1164 366 cuius
1188 331 1407 378 praecepta
1426 340 1563 377 gram-

283 404 434 444 matica
475 401 675 454 quaedam
717 402 878 454 saepius
921 402 1131 441 Charisius
1173 416 1211 454 p.
1256 402 1384 452 73,12‚
1431 402 1560 452 75‚13,

285 480 412 529 101‚1,
446 479 532 527 103,
564 478 631 526 283
673 478 799 526 125‚4‚
839 478 983 526 204‚22
1012 479 1077 527 K,
1117 479 1242 516 semel
1270 476 1493 516 Diomedes
1521 491 1560 529 p.

282 553 427 603 365‚16
455 553 508 591 Κ.
538 550 688 601 laudat,
725 552 770 590 in
798 550 1129 591 doctissimorum
1160 552 1333 603 Vergilii
1360 552 1562 604 interpre-

282 633 371 667 tum
412 640 629 665 numerum
669 627 797 675 vulgo
839 626 1017 664 refertur
1058 627 1174 664 cuius
1203 627 1385 664 carmina
1414 628 1449 665 si
1475 640 1562 665 non

281 703 390 740 iusto
421 705 462 739 et
490 701 686 739 continuo
716 701 1022 750 commentario,
1061 705 1104 739 at
1132 705 1241 739 certe
1270 702 1445 753 carptim
1473 702 1562 741 sive

281 777 325 815 in
354 776 642 827 quaestionum
671 775 935 813 confusarum
961 775 1089 825 fibris,
1130 789 1231 826 quos
1262 776 1421 815 Gellius
1450 790 1560 815 com-

281 854 481 890 memorat
508 851 553 888 in
580 840 688 888 noct.
720 850 831 888 attic.
862 850 979 889 libris
1007 864 1211 902 persaepe,
1258 852 1344 890 sive
1386 852 1430 890 in
1469 852 1562 891 aliis

281 926 445 978 scriptis
475 939 569 964 eum
596 925 867 964 illustravisse
897 926 1050 964 conicit
1077 926 1342 976 Ribbeckius,
1379 926 1423 965 id
1451 926 1562 979 quod

282 1001 612 1041 Graefenhanius
657 1001 750 1050 (vol.
782 1001 849 1038 lv.
880 1015 918 1052 p.
949 1002 1000 1040 65
1036 1005 1077 1039 et
1104 1015 1142 1053 p.
1174 1002 1266 1052 280)
1308 1007 1444 1053 negat,
1490 1002 1561 1054 qui

279 1081 442 1128 praeter
470 1076 570 1114 alias
591 1076 880 1126 grammaticas
901 1076 1161 1126 quaestiones
1181 1077 1373 1115 confusas
1392 1078 1559 1115 Horatii

280 1165 404 1203 opera
446 1155 769 1189 commentatum
812 1164 898 1189 esse
940 1149 1175 1189 Modestum
1215 1156 1335 1202 putat
1375 1152 1463 1190 veri
1505 1153 1558 1191 si-

279 1226 368 1264 mili
397 1239 494 1264 esse.

406 1301 452 1339 L.
484 1283 685 1339 Annaeus
709 1300 997 1350 Oornutus,³⁶³⁵)
1026 1300 1159 1339 Persii
1187 1305 1229 1339 et
1256 1301 1414 1339 Lucani
1441 1316 1557 1353 prae-

279 1380 421 1427 ceptor
461 1375 730 1427 philosophus
772 1374 882 1413 idem
924 1379 965 1413 et
1005 1375 1146 1413 rhetor
1179 1380 1220 1413 et
1253 1377 1556 1427 grammaticus,

279 1450 444 1502 scripsit
490 1449 697 1489 Aeneidos
753 1450 1077 1500 commentarios,
1128 1464 1302 1502 quorum
1349 1451 1557 1491 Charisius

278 1526 404 1564 semel
423 1540 461 1577 p.
486 1526 628 1575 127‚19
647 1527 700 1564 K.
723 1524 775 1564 ad
795 1525 1001 1564 Aeneidos
1028 1526 1181 1565 librum
1211 1525 1414 1565 decimum
1443 1542 1556 1566 men-

277 1601 434 1639 tionem
462 1601 573 1639 facit.
632 1602 687 1639 Et
716 1601 875 1639 abiecta
912 1600 1077 1652 quidem
1110 1601 1304 1640 indecora
1338 1616 1432 1641 eum
1460 1616 1556 1642 con-

276 1676 451 1727 gessisse
481 1681 522 1714 et
559 1676 817 1714 ambitiosius
860 1690 983 1727 quam
1024 1675 1268 1727 prudentius
1311 1676 1557 1717 diiudicasse

276 1751 375 1789 satis
417 1751 558 1788 multis
602 1749 721 1788 docet
763 1751 962 1802 exemplis
990 1751 1245 1790 Ribbeckius
1274 1766 1312 1803 p.
1354 1753 1430 1791 125
1467 1767 1553 1804 sqq.

275 1826 418 1876 Neque
464 1824 778 1863 commentando
825 1829 987 1863 tantum
1035 1830 1077 1864 et
1123 1825 1427 1878 distinguendo,
1484 1826 1556 1866 sed

262 1899 529 1937 emendando
573 1901 697 1937 etiam
738 1900 958 1938 verborum
999 1901 1134 1938 textui
1168 1914 1334 1952 operam
1363 1916 1456 1940 eum
1485 1901 1553 1940 de-

275 1973 392 2024 disse,
416 1975 646 2026 complures
656 1975 845 2014 Serviani
860 1976 1146 2013 commentarii
1161 1976 1242 2014 loci
1257 1974 1550 2028 demonstrant,

274 2048 356 2088 Sed
383 2050 675 2088 ncc'bucolica
702 2064 777 2088 nec
806 2051 1001 2100 georgica
1029 2064 1196 2101 prorsus
1225 2052 1275 2089 ab
1297 2065 1344 2089 eo
1364 2053 1554 2102 neglecta

274 2137 361 2162 esse
391 2124 551 2162 Gellius
582 2126 704 2173 (noct.
736 2125 847 2163 attic.
878 2125 948 2163 lib.
979 2126 1027 2163 II.
1059 2126 1100 2171 6)
1131 2124 1353 2176 docetffiffl)

400 2199 603 2238 Aemilius
625 2199 768 2251 Asper⁷
797 2213 918 2251 quem
933 2200 1119 2239 Sallustii
1139 2200 1406 2240 historiarum
1424 2202 1552 2242 libros

400 2328 432 2368 ἦ)
457 2330 582 2371 Bergk:
607 2331 732 2371 ephem.
758 2331 860 2371 antiq.
885 2330 968 2361 1845
990 2341 1022 2371 p.
1048 2332 1120 2364 118.

399 2381 454 2424 Η)
478 2383 519 2414 cf.
544 2383 582 2415 O.
606 2384 710 2416 Jahn:
734 2383 856 2425 proleg.
881 2384 922 2415 ad
949 2384 1094 2415 Persium
1119 2395 1150 2426 p.
1179 2385 1274 2418 vm.
1299 2397 1368 2427 sqq.

400 2436 475 2477 ἦἥθ’)θ)
500 2438 541 2470 cf.
565 2438 810 2470 Kretzschmer:
834 2438 854 2469 l.
878 2438 898 2469 l.
923 2449 954 2480 p.
979 2439 1017 2469 81
1043 2450 1090 2480 sq.
