1874 2917
0 2892 78 2917 min-x
83 2913 88 2917 .
92 2912 96 2917 .

754 170 992 220 ⁴³35—-

239 349 260 373 e
280 333 428 386 quibus
453 331 551 370 solis
571 331 782 369 Charisius
810 329 1044 381 fragmenta
1071 331 1291 368 memoriae
1318 322 1513 382 prodiditg

240 409 305 448 hic
334 405 559 451 diiudicare
579 418 927 459 supervacaneum
946 404 1065 444 nobis
1085 403 1303 456 videturss‘)
1331 412 1515 459 praescr-³

239 484 316 523 tim
343 495 438 521 cum
464 482 653 520 Donatus
680 480 837 519 nullam
872 492 1054 532 unquam
1094 480 1347 520 mentionem
1387 480 1516 519 faciat

239 559 387 597 horum
405 556 582 596 Acronis
602 554 1068 606 commentafiorum.**)

367 630 559 671 Arruntii
587 630 697 669 Celsi
732 633 870 669 autem
898 629 950 669 ad
977 630 1161 669 Terentii
1201 630 1363 669 fabulas
1405 644 1517 669 com-

240 706 463 747 mentarios
483 709 646 760 praeter
665 705 898 745 Charisium
927 707 979 758 (p.
1010 706 1173 755 213,18;
1204 706 1351 755 2226,
1374 707 1427 745 30
1444 707 1516 756 K.)

239 794 361 822 nemo
390 784 591 833 quantum
618 793 693 819 nos
722 778 889 832 quidem
912 780 1089 819 sciamus
1108 784 1415 830 commemorat3
1445 781 1518 819 ubi

243 857 354 896 em'm
383 855 492 895 Celsi
532 868 685 894 nomen
726 854 904 893 occurrit
932 853 1042 907 apud
1069 854 1260 894 Servium
1288 858 1330 893 et
1356 855 1518 894 Philar-

242 931 409 983 gyrium
441 928 639 969 videntur
673 927 945 980 intellegendi
981 942 1068 967 esse
1102 930 1387 967 commentarii
1416 942 1518 982 quos

234 1007 286 1051 ⁴in
313 1005 548 1055 Vergilium
577 1004 787 1057 scripsisse
814 1017 908 1042 eum
934 1003 1046 1041 infra
1072 1004 1371 1054 intellegemus.

369 1080 516 1131 Itaque
534 1079 723 1118 Donatus
752 1091 847 1117 cum
873 1078 919 1116 in
938 1078 1243 1116 commentariis
1263 1078 1347 1117 suis
1366 1077 1517 1117 Teren-

242 1155 367 1193 tianis
410 1168 461 1193 ex
501 1154 651 1207 prioris
693 1153 840 1192 aetatis
881 1153 1178 1206 interpretibus
1220 1153 1368 1192 comici
1408 1154 1520 1193 illius

243 1215 427 1269 hausisse
455 1242 539 1268 non
568 1227 769 1279 videatur,
799 1226 946 1268 iisdem
975 1228 1211 1268 auctoribus
1240 1229 1520 1280 grammaticis

245 1309 368 1356 atque
394 1305 439 1343 in
467 1305 624 1343 artibus
660 1318 759 1343 usus
797 1318 885 1342 esse
918 1303 1094 1354 videtur,
1133 1304 1169 1342 si
1206 1303 1371 1355 quidem
1401 1329 1450 1333 —
1478 1304 1522 1343 id

246 1378 356 1431 quod
396 1392 481 1418 non
522 1379 644 1432 plane
686 1382 849 1418 constat
879 1402 928 1407 —-
957 1392 1007 1417 ex
1048 1378 1235 1418 fontibus
1279 1378 1522 1431 quibusdam

247 1454 498 1493 aridissimos
527 1455 632 1493 illos-
649 1455 836 1493 hortulos
864 1467 959 1493 suos
986 1454 1189 1505 irrigavit.

503 1530 546 1572 B.
575 1529 629 1572 De
659 1528 790 1573 Servii
816 1528 994 1572 fontibus
1023 1528 1273 1585 syntecticis.

375 1607 470 1645 Non
505 1606 691 1656 integros
727 1604 779 1644 ad
813 1618 889 1643 nos
922 1606 1160 1657 pervenisse
1188 1602 1395 1645 Servii‘in
1423 1607 1524 1646 Ver-

249 1681 340 1733 gilii
369 1681 551 1720 earmina
579 1680 894 1720 commentarios
922 1684 1097 1720 constat.
1154 1679 1236 1721 Sed
1255 1694 1350 1720 cum
1372 1685 1414 1720 et
1437 1685 1526 1720 tam

249 1755 395 1795 callide
440 1757 653 1795 retractati
699 1757 783 1795 sint
827 1760 875 1795 ut
921 1757 1192 1795 vetustiorem
1234 1770 1259 1794 a
1298 1757 1527 1795 recentiore

250 1831 519 1881 grammatico
548 1831 619 1870 vix
646 1831 912 1880 internoscas,
952 1835 993 1869 et
1028 1844 1103 1869 nos
1133 1844 1273 1869 omnes
1301 1831 1388 1869 fere
1415 1832 1528 1870 locos

251 1904 303 1945 ad
330 1906 549 1959 syntaxim'
565 1906 737 1946 latinam
764 1906 1019 1959 pertinentes
1048 1920 1098 1945 ex
1125 1906 1177 1945 iis
1206 1907 1528 1960 excerpserimus

251 1982 553 2033 manuscriptis,
598 1982 745 2033 quibus
782 1982 918 2021 Servii
959 1982 1219 2032 grammatici
1255 1995 1406 2020 nomen
1442 1983 1528 2034 ple-

252 2057 425 2110 rumque
467 2061 509 2096 et
548 2057 795 2109 inscriptum
837 2071 925 2096 esse
961 2061 1004 2095 et
1039 2057 1318 2109 subscriptum
1345 2058 1530 2097 Danielis

253 2133 483 2171 Burmanni
527 2132 671 2171 Lionis
713 2132 900 2171 'Philonis
946 2132 1123 2183 Hageni,
1171 2132 1531 2172 celeberrimorum

254 2208 504 2247 scholiorum
522 2208 857 2259 Vergilianorum
875 2206 1089 2258 editorum,
1121 2208 1338 2247 sententiis
1357 2209 1533 2248 conlatis
1578 2250 1584 2257 ,

256 2281 439 2322 iudicare
467 2283 688 2336 potuimus,
733 2282 808 2322 hac
851 2283 1091 2335 quaestione
1133 2283 1292 2333 omissa,
1338 2283 1435 2335 quia
1471 2287 1535 2323 sat

384 2390 438 2432 Η)
464 2391 639 2433 Suringar:
662 2391 689 2422 I.
712 2402 744 2433 p.
768 2391 810 2423 94
832 2402 880 2433 sq.

386 2443 460 2486 ***)
485 2444 710 2476 Graefenhan:
735 2444 787 2476 IV
809 2455 841 2486 p.
864 2444 927 2476 308
950 2455 1022 2486 sqq.
