1874 2917
815 176 1052 218 -60-

288 329 408 368 valde
451 343 697 382 quam-quam
742 329 952 379 dolemus,
984 337 1123 369 tamen
1166 335 1208 369 et
1248 330 1492 370 Diomedem
1535 335 1576 370 et

289 405 523 444 Charisium
552 420 637 444 non
666 406 758 445 aliis
794 406 982 445 fontibus
1011 419 1133 458 quam
1172 420 1295 460 supra
1330 420 1451 445 usum
1488 420 1576 445 esse

287 481 526 530 conicimus,
560 479 609 519 de
639 481 789 532 quibus
817 481 927 520 infra
956 482 1188 520 accuratius
1217 480 1473 520 disseremus.

418 556 578 603 Quibus
599 557 798 610 exemplis
818 557 976 596 affatim
997 556 1300 596 demonstrasse
1319 557 1439 596 nobis
1459 555 1574 596 vide-

289 645 381 669 mur
417 632 629 670 Donatum
671 632 913 685 plerumque
955 631 1087 670 isdem
1130 646 1180 670 ex
1221 632 1410 672 fontibus
1451 636 1575 684 atque

289 706 523 746 Charisium
553 714 594 745 et
622 706 866 746 Diomedem
896 708 1090 757 hausisse,
1137 722 1187 746 ex
1216 708 1460 747 Cominiano
1489 709 1574 747 Ro-

288 794 410 820 mano
441 782 595 821 Scauro
624 783 884 821 Palaemone.
944 781 1025 822 Sed
1055 781 1261 834 quomodo
1291 783 1334 822 hi
1362 782 1576 822 hauserint

287 870 336 895 ex
366 857 554 895 fontibus
583 858 667 896 suis
698 862 837 897 utrum
867 870 936 896 eos
964 858 1075 911 ipsos
1103 858 1356 911 perlegerint
1384 871 1513 896 necne
1534 862 1575 896 et

288 932 438 984 quibus
467 933 772 985 antiquioribus
801 934 1083 984 grammaticis
1112 932 1340 972 doctrinam
1369 947 1492 980 suam¹
1512 933 1575 972 illi

287 1008 425 1046 fontes
455 1007 641 1057 debeant,
673 1009 784 1047 infra
813 1008 862 1047 de
883 1009 1061 1047 Charisii
1086 1014 1128 1047 et
1146 1008 1359 1047 Diomedis
1388 1009 1574 1047 fon-tibus

288 1081 536 1123 disserentes
593 1083 945 1123 demonstraturos
1000 1098 1075 1122 nos
1123 1098 1344 1137 speramus.
1420 1084 1575 1123 Donati

288 1163 426 1197 autem
455 1164 645 1197 auctores
674 1172 758 1197 non
787 1160 846 1198 ita
874 1147 922 1198 ut
947 1159 1125 1198 Charisii
1153 1159 1220 1198 vel
1249 1158 1462 1198 Diomedis
1492 1157 1573 1198 dis-

287 1248 453 1273 cernere
479 1235 598 1273 nobis
628 1235 736 1285 licet,
769 1234 889 1287 quod,
922 1248 1015 1273 cum
1036 1235 1175 1273 omnia
1194 1248 1276 1274 uno
1296 1235 1413 1274 velut
1431 1239 1574 1274 tenore

288 1310 571 1361 exhibeantur,
620 1312 789 1350 alterius
832 1310 1062 1349 doctrinam
1105 1312 1155 1350 ab
1198 1311 1367 1349 alterius
1410 1310 1574 1350 differre

287 1387 529 1439 plerumque
577 1385 791 1425 difficilius
840 1385 1014 1435 videtur,
1066 1400 1188 1438 quam
1235 1390 1282 1425 ut
1327 1386 1464 1425 facere
1506 1400 1573 1425 co·

287 1475 443 1500 nemur.

416 1538 588 1575 Praeter
616 1550 854 1575 communes
884 1536 959 1574 hos
988 1549 1081 1574 cum
1102 1533 1288 1574 Charisio
1314 1542 1356 1574 et
1374 1535 1574 1575 Diomede

287 1616 477 1651 auctores
520 1612 812 1662 grammaticos
847 1612 1058 1650 Donatum
1100 1624 1185 1649 non
1226 1612 1341 1650 nulla
1378 1625 1401 1649 a
1436 1611 1574 1650 Probo

287 1692 524 1725 mutuatum
554 1693 641 1725 esse
671 1687 898 1739 opinamur,
930 1685 973 1723 id
1002 1685 1112 1737 quod
1141 1686 1253 1724 hisce
1282 1686 1479 1739 exemplis
1504 1684 1573 1724 de-

287 1767 519 1802 monstrare
547 1776 782 1816 possumus:

418 1838 607 1877 Donatus
636 1851 674 1890 p.
706 1839 785 1876 365
815 1851 871 1888 sq.
904 1838 955 1875 K.
996 1842 1036 1875 et
1065 1837 1226 1875 Probus
1255 1850 1291 1889 p.
1326 1836 1401 1875 147
1431 1849 1488 1888 sq.
1519 1837 1572 1875 K.

289 1913 338 1952 de
381 1914 734 1967 praepositionum
782 1912 1090 1951 constructione
1138 1910 1281 1950 eodem
1323 1912 1409 1950 fere
1452 1910 1574 1950 modo

288 1988 507 2026 disserunt.
567 1987 755 2035 Quadere
774 1987 964 2025 Donatus
985 1991 1056 2024 aut
1076 2000 1124 2023 ex
1152 1986 1252 2039 ipsis
1272 1985 1428 2025 Valerii
1447 1986 1575 2024 Probi

287 2064 405 2103 libris
426 2069 498 2103 aut
518 2078 568 2102 ex
587 2064 704 2102 fonte
726 2061 904 2114 quodam
919 2061 1011 2111 alio,
1042 2062 1112 2112 qui
1131 2061 1295 2112 Berytii
1315 2060 1576 2111 grammatici

287 2139 535 2178 auctoritate
563 2152 661 2177 usus
691 2142 763 2187 est,
808 2137 909 2174 haec
951 2136 1135 2175 hausisse
1177 2133 1352 2174 videtur.
1411 2135 1573 2174 Conici-

288 2229 379 2253 mus
409 2219 548 2253 autem
576 2214 788 2253 Donatum
825 2212 937 2266 ipsos
967 2211 1123 2251 Valerii
1165 2211 1292 2249 libros
1334 2210 1572 2264 inspexisse,

288 2291 384 2343 quia
413 2290 550 2342 ipsum
578 2289 764 2328 Probum
801 2289 910 2327 inter
944 2288 1047 2326 alios
1084 2286 1363 2339 perstringere
1396 2285 1572 2337 videtur,

287 2379 382 2404 cum
412 2364 523 2403 dicat
551 2378 589 2416 p.
620 2364 698 2403 387
728 2365 801 2402 K.:
832 2368 929 2402 sunt
964 2363 1091 2414 [item]
1129 2360 1334 2411 adverbia,
1379 2375 1482 2413 quae
1511 2361 1574 2400 in-

289 2439 514 2497 prudentes
542 2444 693 2495 putant
721 2440 905 2480 nomina:
935 2439 979 2478 in
1008 2439 1110 2489 loco,
1141 2442 1188 2476 ut
1206 2438 1364 2478 Romae
1393 2452 1425 2476 e.
1457 2452 1493 2490 q.
1524 2450 1572 2486 s.;
