1874 2917
401 338 501 375 Hec.
533 338 601 375 Ill.
632 338 708 387 4,7.
766 336 853 376 dies
890 338 1075 389 triginta.
1132 338 1407 377 Accusativus
1436 352 1554 376 casus

274 412 444 463 plenum
471 425 689 451 numerum
718 416 759 451 et
788 412 1143 452 continuationem
1171 413 1229 451 rei
1252 413 1471 464 significat.

599 487 728 529 Servii
756 488 950 529 comment
977 488 1020 529 in
1048 486 1234 541 Vergilii:

402 561 505 600 Aen.
535 563 567 600 I.
601 563 660 600 14.
719 561 861 612 „dives
890 565 1043 614 opum“
1085 562 1206 601 modo
1241 567 1403 600 tantum
1439 561 1554 600 dives

275 633 459 685 dicimus,
482 636 644 687 antiqui
664 635 946 687 adiungebant
965 637 1081 674 cuius
1100 637 1171 686 rei,
1193 641 1240 675 ut
1260 635 1376 674 dives
1392 650 1552 687 equum,

275 708 390 748 dives
418 711 547 762 pictai
576 705 705 749 vestis
735 717 776 749 et
804 712 894 749 auri
921 712 1142 762 iungentes
1171 716 1333 750 tantum
1367 712 1555 762 genitivo

275 785 398 823 casui.

403 859 505 899 Aen.
536 861 568 899 I.
599 861 662 899 96.
720 860 972 910 „fortissime
1001 861 1165 911 gentis“
1194 862 1355 913 antiqui
1383 862 1428 900 in
1457 862 1554 900 arti-

274 935 351 973 bus
379 935 557 986 legimus
586 935 884 986 superlativum
914 934 1088 986 gradum
1125 949 1209 974 non
1245 937 1325 974 nisi
1360 936 1556 987 genetivo

274 1010 422 1062 plurali
454 1010 583 1060 iungi.
633 1014 796 1049 constat
825 1009 1001 1061 quidem,
1033 1009 1104 1048 sed
1132 1013 1287 1061 „gens“
1316 1024 1466 1049 nomen
1496 1015 1558 1049 est

276 1084 560 1122 enuntiatione
590 1084 811 1135 singulare,
855 1085 1070 1123 intellectu
1098 1086 1268 1137 plurale.
1312 1086 1416 1123 bene
1459 1099 1556 1136 ergo

276 1159 421 1209 iunxit,
453 1159 498 1197 in
517 1163 642 1210 gente
663 1160 772 1198 enim
793 1160 930 1211 plures
960 1165 1067 1209 sunt,
1099 1165 1147 1198 ut
1175 1160 1275 1199 alibi
1294 1160 1383 1212 ipse
1412 1158 1557 1210 „ditis-

276 1234 403 1272 simus
442 1235 532 1284 agri
560 1234 844 1272 Phoenicum“
883 1235 946 1283 (A.
976 1236 1008 1272 I.
1040 1236 1150 1284 343);
1199 1248 1284 1272 non
1313 1235 1423 1272 enim
1452 1249 1558 1272 unus

277 1312 339 1345 est
367 1322 466 1358 ager
490 1308 759 1346 Phoenicum.
816 1309 917 1346 item
941 1309 1162 1347 Sallustius
1193 1309 1301 1358 (hist.
1323 1309 1443 1359 frgm.
1467 1310 1495 1346 l.
1518 1310 1557 1358 2)

276 1382 481 1431 „Romani
511 1383 674 1433 generis
704 1381 1036 1421 disertissimus“.
1096 1388 1168 1421 aut
1201 1384 1455 1435 superlativo
1484 1396 1558 1434 pro

277 1458 558 1509 comperativo
588 1472 685 1496 usus
716 1457 889 1507 videtur,
923 1459 1040 1508 quasi
1059 1458 1296 1496 fortissimis
1318 1472 1557 1510 comparan-

277 1531 363 1583 dus,
394 1546 479 1571 non
507 1537 555 1571 ut
582 1534 710 1584 vulgo
740 1532 932 1582 creditur,
963 1532 1267 1585 praeferendus.

404 1594 506 1645 Aen.
528 1609 557 1645 I.
582 1609 669 1645 164.
727 1602 817 1645 tum
845 1608 961 1646 silvis
991 1622 1137 1646 scaena
1166 1609 1357 1646 coruscis.
1417 1609 1558 1658 „silvis
1606 1616 1612 1623 ’

277 1682 485 1720 coruscis“
523 1683 600 1720 hoc
637 1687 698 1721 est
727 1683 924 1721 silvarum
953 1697 1225 1733 coruscarum,
1270 1683 1314 1721 id
1356 1688 1417 1721 est
1460 1684 1557 1721 cris-

276 1757 476 1808 pantium,
520 1761 568 1795 ut
603 1758 814 1795 Iuvenalis
846 1760 932 1806 (sat.
966 1759 1033 1795 111.
1065 1759 1171 1807 254).
1231 1762 1271 1795 et
1299 1758 1438 1809 posuit
1468 1771 1556 1809 sep-

277 1831 426 1870 timum
455 1845 530 1883 pro
560 1832 765 1882 genetivo.

404 1906 506 1944 Aen.
552 1907 580 1944 l.
626 1907 687 1944 75.
746 1907 944 1958 „pulchra
986 1908 1126 1958 prole‘²
1182 1907 1364 1945 notanda
1412 1909 1555 1957 figura,

276 1981 516 2031 frequenter
536 1981 645 2018 enim
673 1981 749 2019 hac
778 1982 921 2020 utitur.
965 1995 1061 2020 nam
1091 1981 1200 2032 quod
1229 1995 1303 2020 nos
1332 1996 1405 2033 per
1434 1996 1557 2033 gene-

279 2056 413 2094 tivum
442 2055 695 2106 singularem
715 2055 900 2106 dicimus,
932 2056 1093 2107 antiqui
1112 2070 1185 2108 per
1205 2057 1428 2108 septimum
1447 2056 1556 2095 dice-

276 2131 386 2179 bant,
431 2135 479 2168 ut
506 2131 584 2169 hoc
613 2131 703 2169 loco
747 2136 986 2182 „parentem
1019 2132 1191 2183 pulchra
1227 2132 1379 2183 prole&
1425 2131 1468 2169 id
1497 2136 1559 2170 est

277 2206 500 2257 „pulchrae
528 2207 693 2257 prolis“.
752 2211 793 2245 et
835 2207 1078 2259 simpliciter
1118 2205 1445 2258 intellegendum
1483 2215 1555 2245 est.

405 2281 507 2319 Aen.
534 2282 565 2319 I.
588 2282 677 2319 320.
722 2281 858 2330 „nuda
892 2284 1029 2331 genu⁴‘
1065 2281 1222 2319 nudum
1251 2295 1361 2332 genu
1389 2283 1554 2331 habens,

277 2360 325 2395 ut
353 2355 387 2394 si
417 2353 528 2394 dicas
571 2356 729 2406 „bonus
759 2356 979 2395 animum&
1039 2361 1079 2395 et
1117 2361 1178 2395 est
1217 2357 1374 2396 Graeca
1410 2357 1554 2409 figura,

278 2429 348 2471 sed
376 2444 461 2469 non
490 2444 537 2468 ea-
566 2445 688 2484 quam
718 2430 895 2471 diximus
924 2432 1013 2469 fieri
1046 2445 1120 2486 per
1147 2432 1412 2486 participium
1441 2446 1556 2486 prae·
