1874 2917
230 315 453 355 maximam
481 327 674 353 romanae
701 314 970 353 humanitatis
998 318 1158 366 partem
1186 308 1346 364 graecis
1377 311 1509 351 literis

232 391 344 430 effici
402 389 709 440 intellig-erest)
790 390 846 428 Et
887 390 941 427 M.
986 386 1226 427 Terentium
1268 389 1507 437 Varronem,

234 465 424 516 quamvis
465 464 635 503 meritus
678 464 732 502 sit
767 463 817 502 de
853 462 1152 515 amplificandis
1189 461 1337 502 studiis
1372 476 1509 513 gram-

231 540 406 578 maticae
440 539 602 587 latinae⁷
647 543 785 577 tamen
814 539 980 577 omnino
1009 551 1093 576 non
1121 539 1247 577 alium
1275 536 1511 576 habendum

231 629 319 654 esse
347 614 429 653 nisi
458 613 740 653 doctissimum
769 627 939 664 graecae
968 612 1208 665 disciplinae
1241 613 1511 665 interpretem

230 695 376 729 notum
406 694 478 728 est.
537 690 648 736 Quae
678 702 771 727 cum
803 689 862 727 ita
897 689 991 738 sint,
1035 688 1239 727 incertum
1273 703 1361 727 esse
1389 692 1508 740 puta-

230 779 331 815 mus,
377 779 430 803 an
471 777 696 815 numquam
737 764 870 802 clarus
913 762 1081 815 quidam
1127 764 1420 815 grammaticus
1462 769 1510 803 ut

231 841 363 879 Varro
405 839 566 877 Probus
607 839 796 877 Donatus
836 838 1074 876 Priscianus
1115 839 1272 877 Romae
1314 837 1510 877 docturus

229 915 366 964 fuerit,
397 914 478 953 nisi
498 914 647 953 Graeci
674 913 861 952 hortulos
890 926 1031 951 eorum
1059 913 1343 952 liberalissime
1361 914 1508 965 irriga-

229 989 397 1027 vissent.
454 989 634 1027 Maxime
671 993 809 1026 autem
844 987 1004 1025 romani
1033 1000 1056 1024 a
1084 988 1241 1037 graecis
1275 986 1510 1027 didicerunt

230 1064 438 1116 syntaxim
466 1064 648 1112 latinam,
695 1063 832 1101 omnia
862 1063 971 1101 enim
1000 1061 1051 1100 ad
1081 1061 1382 1101 ordinationem
1411 1077 1507 1102 con-

229 1139 482 1178 iunctionem
526 1138 877 1176 constructionem
918 1137 1099 1189 partium
1128 1137 1327 1176 orationis
1355 1138 1508 1177 latinae

229 1215 478 1266 pertinentia
493 1228 663 1264 graecae
679 1213 887 1252 simillima
904 1227 990 1251 esse
1007 1211 1218 1251 doctrinae
1229 1212 1508 1252 demonstrare

230 1288 392 1326 minimi
421 1292 483 1326 est
510 1288 680 1338 negotii.

473 1374 519 1415 A.
549 1374 603 1415 De
633 1373 776 1414 Donati
803 1372 982 1415 fontibus
1011 1373 1261 1427 syntacticis.

356 1449 575 1500 Duplicem
604 1447 654 1486 de
683 1454 776 1486 octo
804 1448 1004 1493 orationis
1039 1449 1226 1500 partibus
1262 1448 1507 1501 disputatio-

228 1537 323 1562 nem
352 1537 375 1561 a
402 1524 566 1562 Donato
596 1523 831 1562 institutam
861 1537 958 1573 esse,
1004 1524 1174 1562 alteram
1208 1524 1439 1563 breviorem
1467 1529 1509 1563 et

228 1612 450 1651 puerorum
483 1599 739 1637 institutioni
768 1597 1024 1649 destinatam,
1070 1600 1239 1638 alteram
1283 1598 1507 1639 doctiorem

229 1679 270 1713 et
298 1688 392 1713 cum
421 1675 579 1725 reliqua
608 1678 695 1712 arte
725 1675 999 1724 coniunctam,
1039 1676 1180 1713 multis
1210 1674 1508 1714 demonstravit

227 1749 390 1788 Keilius
419 1749 463 1787 in
492 1749 857 1799 grammaticorum
885 1735 1110 1787 latinorum
1130 1750 1265 1801 quarti
1285 1750 1508 1789 voluminis

228 1824 485 1876 praefatione
516 1826 568 1875 (p.
601 1825 768 1863 XXXI.
800 1827 903 1876 sqq.)
933 1825 1191 1863 testimoniis.
1236 1825 1393 1872 Quibus
1422 1839 1507 1864 am-

228 1900 358 1938 babus
399 1899 443 1937 in
486 1899 642 1937 artibus
685 1898 937 1950 exponendis
980 1905 1021 1938 et
1062 1898 1317 1939 illustrandis
1352 1901 1508 1939 Donati

227 1974 474 2025 interpretes
502 1974 561 2011 ita
589 1974 743 2012 versati
770 1979 877 2023 sunt⁷
923 1979 979 2022 ut,
1024 1988 1118 2012 cum
1145 1976 1349 2025 permulta
1377 1976 1427 2014 ab
1456 1976 1507 2014 iis

227 2048 294 2087 vel
329 2048 478 2087 omissa
506 2049 573 2088 vel
601 2046 740 2087 addita
768 2049 836 2088 vel
865 2049 985 2087 aliter
1012 2047 1210 2101 disposita
1235 2050 1505 2102 inveniamus,

228 2138 295 2163 eas
338 2124 493 2163 Donati
535 2128 643 2163 artes
686 2123 806 2163 valde
847 2129 1027 2163 mutatas
1069 2130 1191 2176 atque
1238 2126 1508 2178 interpolatas

228 2199 348 2238 nobis
377 2213 471 2237 cum
500 2213 523 2237 a
551 2198 676 2237 medii
705 2200 796 2238 aevi
825 2200 1095 2251 scriptoribus
1129 2204 1217 2239 tum
1254 2206 1350 2253 post
1385 2207 1507 2253 typo-

205 2307 208 2311 .
232 2274 473 2326 graphicam
503 2279 633 2313 artem
661 2275 872 2313 inventam
902 2288 925 2312 a
952 2275 1096 2326 primis
1125 2275 1352 2316 editoribus
1381 2276 1507 2316 tradi-

355 2381 389 2423 ἑξ)
424 2383 465 2414 ef.
501 2382 696 2414 schneider:
731 2383 770 2414 dc
805 2383 918 2425 script.
949 2382 1100 2422 Catonis;
1137 2385 1169 2415 in
1205 2385 1423 2427 scriptoribus
1458 2386 1507 2417 rei

226 2425 369 2458 rusticae
393 2426 419 2458 Ι.
442 2427 472 2457 2.
496 2436 527 2468 p.
554 2427 602 2458 19.
