1874 2917
772 164 1009 207 „75—

252 320 503 372 gilianorum
531 319 765 370 fragmenta
792 332 876 357 non
904 318 987 356 nisi
1016 331 1066 356 ex
1087 317 1212 356 Gellii
1231 317 1418 355 noctium
1437 317 1533 355 atti-

252 409 393 435 carum
419 395 536 434 libris
565 395 761 446 colligere
788 394 909 433 nobis
937 394 1045 432 licet.

380 471 436 509 Et
462 471 598 523 ipsum
618 470 866 509 Arruntium
888 469 1052 508 Celsum
1071 469 1182 507 inter
1203 468 1378 519 Vergilii
1406 468 1534 506 inter-

251 549 389 598 pretes
416 545 570 584 referre
590 558 674 583 non
694 534 856 584 dubitat
875 544 1142 595 Suringarius
1173 545 1236 593 (11.
1259 557 1296 595 p.
1322 544 1398 582 159
1418 546 1532 594 sqq),

252 634 501 673 quamquam
535 621 650 660 nulla
686 613 851 672 quidem
880 624 1069 659 veterum
1111 623 1173 658 est
1214 619 1381 668 mentio,
1428 631 1533 670 quae

253 696 404 736 diserte
445 701 645 737 memoret
673 697 839 736 Celsum
881 699 1206 734 commentatum
1242 709 1330 734 esse
1360 695 1535 746 Vergilii

252 773 445 811 carmina.
508 771 558 811 Id
600 771 710 824 quod
751 771 883 815 tribus
905 771 1104 817 *Charisii
1143 771 1245 809 locis
1287 785 1325 823 p.
1370 771 1533 820 213‚18;

253 848 371 897 222,ss
408 852 450 886 et
483 850 535 886 30
561 849 627 897 K„
677 848 749 898 qui
784 847 908 885 Celsi
934 847 1223 884 auctoritatem
1266 845 1316 884 de
1358 846 1536 896 Vergilii

254 921 432 974 quodam
459 936 583 962 versu
609 922 796 971 recitant,
829 920 881 959 ad
900 934 1002 972 quos
1022 920 1220 959 accedant
1239 921 1408 973 insuper
1429 934 1534 959 unus

254 998 502 1044 Quintiliani
545 997 690 1048 (instit.
721 1001 869 1035 orator.
900 997 1016 1036 VIII.
1046 998 1085 1045 3)
1130 1002 1171 1034 et
1204 1010 1310 1034 unus
1345 996 1535 1035 Serviani

254 1073 540 1111 commentarii
567 1073 682 1111 locus
713 1070 777 1121 (ad
808 1072 856 1110 G.
887 1073 915 1109 Ι.
946 1072 1052 1121 277),
1091 1084 1265 1122 quorum
1294 1072 1397 1110 alter
1426 1071 1536 1110 Celsi

254 1148 503 1187 sententiam
532 1146 582 1186 de
611 1147 853 1198 Vergiliano
882 1160 1006 1185 versu
1036 1147 1099 1196 (Gr.
1131 1148 1160 1184 I.
1191 1147 1284 1196 357)
1315 1147 1536 1185 memoriae

254 1221 435 1273 tradidit,
481 1223 585 1261 alter
613 1222 723 1261 Celsi
759 1235 911 1260 nomen
950 1221 1072 1259 simul
1109 1235 1203 1259 cum
1239 1221 1331 1260 aliis
1361 1222 1537 1272 Vergilii

253 1298 560 1349 interpretibus,
591 1297 728 1336 Probo
750 1300 792 1335 et
812 1297 1007 1346 Cornuto,
1040 1301 1343 1345 commemorat,
1367 1295 1535 1335 demon—

254 1377 383 1411 strare
420 1371 569 1411 studet.
626 1372 712 1410 Nos
750 1384 849 1410 vero
879 1371 1071 1409 Teuffelii
1114 1373 1251 1420 (roem.
1283 1371 1533 1421 Literaturg.

254 1447 281 1484 4
307 1460 345 1498 p.
376 1448 471 1501 833)
502 1447 791 1485 auctoritatem
814 1429 961 1492 secuti,
994 1446 1112 1483 Celso
1133 1446 1309 1496 Vergilii
1334 1446 1535 1496 interpre-

254 1521 308 1560 tis
336 1534 487 1559 nomen
506 1520 711 1560 vindicari
739 1533 859 1572 posse
878 1534 1089 1570 negamus,
1122 1521 1274 1571 quippe
1295 1521 1374 1571 qui,
1407 1518 1535 1571 quod-

254 1596 318 1634 vis
360 1595 473 1634 aliud
514 1609 652 1649 agens,
698 1596 850 1647 passim
892 1595 1020 1633 verba
1062 1609 1111 1639 ex
1152 1596 1302 1633 Plauto
1343 1595 1535 1633 Terentio

254 1671 442 1722 Vergilio
470 1671 766 1723 interpretatus
795 1684 879 1709 non
904 1674 993 1709 tota
1011 1671 1159 1709 horum
1178 1675 1393 1723 poetarum
1413 1684 1537 1722 opera

255 1751 557 1785 commentatus
586 1760 673 1784 esse
702 1746 821 1784 nobis
850 1744 1051 1784 videatur.

383 1822 546 1861 Julium
580 1822 853 1860 Haterianum
887 1821 1063 1872 Vergilii
1105 1822 1286 1859 carmina
1328 1835 1535 1859 commen-

255 1900 388 1935 tatum
418 1910 505 1934 esse
534 1910 628 1935 cum
657 1897 838 1953 quinque
858 1897 1107 1934 scholiorum
1128 1896 1427 1934 Veronensium
1447 1900 1536 1934 tum

254 1972 450 2022 permulti
491 1971 692 2009 Macrobii
737 1971 819 2009 loci
866 1971 1146 2022 comprobant.
1218 1972 1411 2009 Ceterum
1452 1984 1537 2008 non

256 2050 428 2096 constat,
474 2046 565 2097 quis
607 2046 735 2084 fuerit
775 2046 1037 2095 Haterianus,
1086 2060 1219 2097 neque
1263 2060 1343 2097 qua
1385 2046 1537 2084 vixerit

255 2125 399 2159 aetate.

384 2197 607 2236 Veniamus
648 2197 730 2235 iam
773 2196 825 2235 ad
859 2197 1027 2236 Aelium
1061 2197 1284 2246 Donatum,
1328 2198 1537 2248 insignem

255 2271 571 2321 grammaticum
599 2284 825 2320 romanum,
871 2272 942 2322 qui
969 2272 1139 2310 ultimus
1168 2284 1252 2309 11011
1281 2272 1411 2310 multo
1440 2276 1536 2309 ante

256 2346 391 2385 Servii
433 2350 611 2385 aetatem
657 2351 742 2384 tam
788 2347 851 2384 in·
874 2347 1050 2397 Vergilii
1095 2351 1286 2398 poemata
1327 2360 1451 2398 quam
1492 2347 1536 2385 in

256 2421 439 2469 Terentii
468 2420 700 2470 comoedias
729 2422 1044 2470 commentarios
1073 2422 1248 2474 scripsit,
1294 2436 1344 2460 ex
1387 2422 1535 2473 quibus
