<?xml version="1.0" encoding="UTF-8"?>
<!DOCTYPE html PUBLIC "-//W3C//DTD XHTML 1.0 Transitional//EN"
    "http://www.w3.org/TR/xhtml1/DTD/xhtml1-transitional.dtd">
<html xmlns="http://www.w3.org/1999/xhtml" xml:lang="en" lang="en">
 <head>
  <title>
</title>
<meta http-equiv="Content-Type" content="text/html;charset=utf-8" />
  <meta name='ocr-system' content='tesseract 3.04.00' />
  <meta name='ocr-capabilities' content='ocr_page ocr_carea ocr_par ocr_line ocrx_word'/>
</head>
<body>
  <div class='ocr_page' id='page_1' title='image "4737347_0055.png"; bbox 0 0 1874 2917; ppageno 0'>
   <div class='ocr_carea' id='block_1_1' title="bbox 392 752 1555 1088">
    <p class='ocr_par' dir='ltr' id='par_1_1' title="bbox 392 752 1555 1088">
     <span class='ocr_line' id='line_1_1' title="bbox 697 752 1247 817; baseline 0.004 -2"><span class='ocrx_word' id='word_1_1' title='bbox 697 752 1057 817; x_wconf 77' lang='lat' dir='ltr'><strong>Pars</strong></span> <span class='ocrx_word' id='word_1_2' title='bbox 1095 756 1247 817; x_wconf 89' lang='lat'><strong>11.</strong></span> 
     </span>
     <span class='ocr_line' id='line_1_2' title="bbox 392 869 1555 964; baseline 0.004 -26"><span class='ocrx_word' id='word_1_3' title='bbox 392 869 496 951; x_wconf 88' lang='lat' dir='ltr'><strong>„De</strong></span> <span class='ocrx_word' id='word_1_4' title='bbox 542 870 778 940; x_wconf 81' lang='lat' dir='ltr'><strong>Terentii</strong></span> <span class='ocrx_word' id='word_1_5' title='bbox 823 871 876 940; x_wconf 82' lang='lat' dir='ltr'><strong>et</strong></span> <span class='ocrx_word' id='word_1_6' title='bbox 920 870 1150 961; x_wconf 78' lang='lat' dir='ltr'><strong>Vergilii</strong></span> <span class='ocrx_word' id='word_1_7' title='bbox 1193 875 1555 964; x_wconf 71' lang='lat' dir='ltr'><strong>interpretum</strong></span> 
     </span>
     <span class='ocr_line' id='line_1_3' title="bbox 638 999 1302 1088; baseline 0.005 -22"><span class='ocrx_word' id='word_1_8' title='bbox 638 999 879 1068; x_wconf 79' lang='lat' dir='ltr'><strong>fontibus</strong></span> <span class='ocrx_word' id='word_1_9' title='bbox 925 1000 1302 1088; x_wconf 74' lang='lat' dir='ltr'><strong>syntactieiS.“</strong></span> 
     </span>
    </p>
   </div>
   <div class='ocr_carea' id='block_1_2' title="bbox 917 1138 1028 1158">
    <p class='ocr_par' dir='ltr' id='par_1_2' title="bbox 917 1138 1028 1158">
     <span class='ocr_line' id='line_1_4' title="bbox 917 1138 1028 1158; baseline 0 0"><span class='ocrx_word' id='word_1_10' title='bbox 917 1138 1028 1158; x_wconf 60' lang='grc' dir='ltr'><strong>-ικ-</strong></span> 
     </span>
    </p>
   </div>
   <div class='ocr_carea' id='block_1_3' title="bbox 326 1213 1618 2255">
    <p class='ocr_par' dir='ltr' id='par_1_3' title="bbox 326 1213 1615 1491">
     <span class='ocr_line' id='line_1_5' title="bbox 457 1213 1615 1269; baseline 0.002 -15"><span class='ocrx_word' id='word_1_11' title='bbox 457 1215 597 1267; x_wconf 89' lang='lat' dir='ltr'><strong>Atque</strong></span> <span class='ocrx_word' id='word_1_12' title='bbox 625 1219 673 1254; x_wconf 91' lang='lat' dir='ltr'><strong>ut</strong></span> <span class='ocrx_word' id='word_1_13' title='bbox 701 1215 915 1254; x_wconf 85' lang='lat' dir='ltr'><strong>veniamus</strong></span> <span class='ocrx_word' id='word_1_14' title='bbox 950 1213 1002 1254; x_wconf 88' lang='lat' dir='ltr'><strong>ad</strong></span> <span class='ocrx_word' id='word_1_15' title='bbox 1035 1215 1208 1255; x_wconf 85' lang='lat' dir='ltr'><strong>alteram</strong></span> <span class='ocrx_word' id='word_1_16' title='bbox 1244 1216 1448 1269; x_wconf 79' lang='lat' dir='ltr'><strong>propositi</strong></span> <span class='ocrx_word' id='word_1_17' title='bbox 1483 1218 1615 1256; x_wconf 92' lang='lat' dir='ltr'><strong>nostri</strong></span> 
     </span>
     <span class='ocr_line' id='line_1_6' title="bbox 326 1289 1613 1342; baseline 0.001 -14"><span class='ocrx_word' id='word_1_18' title='bbox 326 1295 498 1342; x_wconf 82' lang='lat' dir='ltr'><strong>partem,</strong></span> <span class='ocrx_word' id='word_1_19' title='bbox 530 1289 745 1328; x_wconf 88' lang='lat' dir='ltr'><strong>videamus</strong></span> <span class='ocrx_word' id='word_1_20' title='bbox 773 1304 883 1328; x_wconf 89' lang='lat' dir='ltr'><strong>nunc</strong></span> <span class='ocrx_word' id='word_1_21' title='bbox 904 1291 1150 1341; x_wconf 85' lang='lat' dir='ltr'><strong>quibusnam</strong></span> <span class='ocrx_word' id='word_1_22' title='bbox 1170 1291 1433 1341; x_wconf 88' lang='lat' dir='ltr'><strong>potissimum</strong></span> <span class='ocrx_word' id='word_1_23' title='bbox 1453 1305 1503 1329; x_wconf 84' lang='lat' dir='ltr'><strong>ex</strong></span> <span class='ocrx_word' id='word_1_24' title='bbox 1522 1292 1613 1329; x_wconf 89' lang='lat' dir='ltr'><strong>fon-</strong></span> 
     </span>
     <span class='ocr_line' id='line_1_7' title="bbox 328 1364 1615 1417; baseline 0.001 -13"><span class='ocrx_word' id='word_1_25' title='bbox 328 1365 440 1404; x_wconf 82' lang='lat' dir='ltr'><strong>tibus</strong></span> <span class='ocrx_word' id='word_1_26' title='bbox 483 1364 726 1417; x_wconf 88' lang='lat' dir='ltr'><strong>syntacticis</strong></span> <span class='ocrx_word' id='word_1_27' title='bbox 762 1365 951 1404; x_wconf 75' lang='lat' dir='ltr'><strong>Donatus</strong></span> <span class='ocrx_word' id='word_1_28' title='bbox 994 1370 1036 1404; x_wconf 85' lang='lat' dir='ltr'><strong>et</strong></span> <span class='ocrx_word' id='word_1_29' title='bbox 1079 1365 1248 1405; x_wconf 84' lang='lat' dir='ltr'><strong>Servius</strong></span> <span class='ocrx_word' id='word_1_30' title='bbox 1290 1365 1478 1405; x_wconf 78' lang='lat' dir='ltr'><strong>hortulos</strong></span> <span class='ocrx_word' id='word_1_31' title='bbox 1519 1379 1615 1405; x_wconf 87' lang='lat' dir='ltr'><strong>suos</strong></span> 
     </span>
     <span class='ocr_line' id='line_1_8' title="bbox 328 1441 554 1491; baseline -0.009 -11"><span class='ocrx_word' id='word_1_32' title='bbox 328 1441 554 1491; x_wconf 85' lang='lat' dir='ltr'><strong>irrigarint.</strong></span> 
     </span>
    </p>

    <p class='ocr_par' dir='ltr' id='par_1_4' title="bbox 327 1526 1618 2255">
     <span class='ocr_line' id='line_1_9' title="bbox 458 1526 1614 1578; baseline 0.001 -14"><span class='ocrx_word' id='word_1_33' title='bbox 458 1527 708 1576; x_wconf 84' lang='lat' dir='ltr'><strong>Priusquam</strong></span> <span class='ocrx_word' id='word_1_34' title='bbox 737 1532 875 1564; x_wconf 90' lang='lat' dir='ltr'><strong>autem</strong></span> <span class='ocrx_word' id='word_1_35' title='bbox 904 1527 1120 1565; x_wconf 87' lang='lat' dir='ltr'><strong>veniamus</strong></span> <span class='ocrx_word' id='word_1_36' title='bbox 1149 1526 1200 1565; x_wconf 90' lang='lat' dir='ltr'><strong>ad</strong></span> <span class='ocrx_word' id='word_1_37' title='bbox 1234 1527 1490 1578; x_wconf 82' lang='lat' dir='ltr'><strong>propositum</strong></span> <span class='ocrx_word' id='word_1_38' title='bbox 1520 1540 1614 1565; x_wconf 91' lang='lat' dir='ltr'><strong>nos-</strong></span> 
     </span>
     <span class='ocr_line' id='line_1_10' title="bbox 329 1600 1614 1651; baseline 0.001 -11"><span class='ocrx_word' id='word_1_39' title='bbox 329 1607 451 1651; x_wconf 88' lang='lat' dir='ltr'><strong>trum,</strong></span> <span class='ocrx_word' id='word_1_40' title='bbox 491 1600 534 1640; x_wconf 90' lang='lat' dir='ltr'><strong>id</strong></span> <span class='ocrx_word' id='word_1_41' title='bbox 562 1615 691 1640; x_wconf 91' lang='lat' dir='ltr'><strong>unum</strong></span> <span class='ocrx_word' id='word_1_42' title='bbox 720 1615 1087 1640; x_wconf 84' lang='lat' dir='ltr'><strong>commemoremus</strong></span> <span class='ocrx_word' id='word_1_43' title='bbox 1116 1602 1251 1640; x_wconf 88' lang='lat' dir='ltr'><strong>nullos</strong></span> <span class='ocrx_word' id='word_1_44' title='bbox 1281 1602 1384 1640; x_wconf 89' lang='lat' dir='ltr'><strong>alios</strong></span> <span class='ocrx_word' id='word_1_45' title='bbox 1412 1602 1493 1640; x_wconf 86' lang='lat' dir='ltr'><strong>nisi</strong></span> <span class='ocrx_word' id='word_1_46' title='bbox 1521 1602 1614 1641; x_wconf 88' lang='lat' dir='ltr'><strong>lati-</strong></span> 
     </span>
     <span class='ocr_line' id='line_1_11' title="bbox 327 1676 1611 1729; baseline 0 -13"><span class='ocrx_word' id='word_1_47' title='bbox 327 1691 403 1716; x_wconf 88' lang='lat' dir='ltr'><strong>nos</strong></span> <span class='ocrx_word' id='word_1_48' title='bbox 431 1677 570 1716; x_wconf 83' lang='lat' dir='ltr'><strong>fontes</strong></span> <span class='ocrx_word' id='word_1_49' title='bbox 599 1690 674 1716; x_wconf 93' lang='lat' dir='ltr'><strong>nos</strong></span> <span class='ocrx_word' id='word_1_50' title='bbox 704 1682 921 1729; x_wconf 79' lang='lat' dir='ltr'><strong>spectasse,</strong></span> <span class='ocrx_word' id='word_1_51' title='bbox 954 1691 1204 1729; x_wconf 88' lang='lat' dir='ltr'><strong>quamquam</strong></span> <span class='ocrx_word' id='word_1_52' title='bbox 1223 1676 1334 1716; x_wconf 88' lang='lat' dir='ltr'><strong>haud</strong></span> <span class='ocrx_word' id='word_1_53' title='bbox 1353 1677 1611 1727; x_wconf 83' lang='lat' dir='ltr'><strong>nescivimus,</strong></span> 
     </span>
     <span class='ocr_line' id='line_1_12' title="bbox 329 1751 1616 1804; baseline -0.001 -13"><span class='ocrx_word' id='word_1_54' title='bbox 329 1753 515 1791; x_wconf 91' lang='lat' dir='ltr'><strong>omnium</strong></span> <span class='ocrx_word' id='word_1_55' title='bbox 551 1753 638 1791; x_wconf 88' lang='lat' dir='ltr'><strong>fere</strong></span> <span class='ocrx_word' id='word_1_56' title='bbox 668 1766 839 1804; x_wconf 91' lang='lat' dir='ltr'><strong>operum</strong></span> <span class='ocrx_word' id='word_1_57' title='bbox 867 1753 1092 1791; x_wconf 89' lang='lat' dir='ltr'><strong>latinorum</strong></span> <span class='ocrx_word' id='word_1_58' title='bbox 1122 1757 1163 1790; x_wconf 90' lang='lat' dir='ltr'><strong>et</strong></span> <span class='ocrx_word' id='word_1_59' title='bbox 1191 1753 1326 1790; x_wconf 87' lang='lat' dir='ltr'><strong>soluta</strong></span> <span class='ocrx_word' id='word_1_60' title='bbox 1355 1757 1396 1790; x_wconf 87' lang='lat' dir='ltr'><strong>et</strong></span> <span class='ocrx_word' id='word_1_61' title='bbox 1424 1751 1616 1791; x_wconf 90' lang='lat' dir='ltr'><strong>devincta</strong></span> 
     </span>
     <span class='ocr_line' id='line_1_13' title="bbox 329 1827 1617 1879; baseline -0.001 -13"><span class='ocrx_word' id='word_1_62' title='bbox 329 1828 516 1866; x_wconf 85' lang='lat' dir='ltr'><strong>oratione</strong></span> <span class='ocrx_word' id='word_1_63' title='bbox 537 1828 787 1879; x_wconf 83' lang='lat' dir='ltr'><strong>scriptorum</strong></span> <span class='ocrx_word' id='word_1_64' title='bbox 812 1827 940 1866; x_wconf 90' lang='lat' dir='ltr'><strong>libros</strong></span> <span class='ocrx_word' id='word_1_65' title='bbox 960 1828 1252 1878; x_wconf 85' lang='lat' dir='ltr'><strong>grammaticos</strong></span> <span class='ocrx_word' id='word_1_66' title='bbox 1273 1827 1449 1865; x_wconf 87' lang='lat' dir='ltr'><strong>maxime</strong></span> <span class='ocrx_word' id='word_1_67' title='bbox 1469 1841 1617 1878; x_wconf 88' lang='lat' dir='ltr'><strong>graeca</strong></span> 
     </span>
     <span class='ocr_line' id='line_1_14' title="bbox 329 1895 1616 1954; baseline 0 -13"><span class='ocrx_word' id='word_1_68' title='bbox 329 1903 598 1954; x_wconf 82' lang='lat' dir='ltr'><strong>assumpsisse</strong></span> <span class='ocrx_word' id='word_1_69' title='bbox 634 1903 893 1954; x_wconf 83' lang='lat' dir='ltr'><strong>exemplaria,</strong></span> <span class='ocrx_word' id='word_1_70' title='bbox 940 1916 1033 1940; x_wconf 87' lang='lat' dir='ltr'><strong>cum</strong></span> <span class='ocrx_word' id='word_1_71' title='bbox 1063 1903 1223 1941; x_wconf 86' lang='lat' dir='ltr'><strong>romani</strong></span> <span class='ocrx_word' id='word_1_72' title='bbox 1250 1895 1422 1953; x_wconf 83' lang='lat' dir='ltr'><strong>graecae</strong></span> <span class='ocrx_word' id='word_1_73' title='bbox 1450 1903 1616 1953; x_wconf 83' lang='lat' dir='ltr'><strong>linguae</strong></span> 
     </span>
     <span class='ocr_line' id='line_1_15' title="bbox 330 1972 1615 2029; baseline -0.001 -13"><span class='ocrx_word' id='word_1_74' title='bbox 330 1976 496 2016; x_wconf 89' lang='lat' dir='ltr'><strong>studere</strong></span> <span class='ocrx_word' id='word_1_75' title='bbox 525 1978 757 2029; x_wconf 90' lang='lat' dir='ltr'><strong>inciperent</strong></span> <span class='ocrx_word' id='word_1_76' title='bbox 783 1991 806 2016; x_wconf 86' lang='lat' dir='ltr'><strong>a</strong></span> <span class='ocrx_word' id='word_1_77' title='bbox 825 1991 997 2028; x_wconf 87' lang='lat' dir='ltr'><strong>graecae</strong></span> <span class='ocrx_word' id='word_1_78' title='bbox 1025 1972 1318 2028; x_wconf 85' lang='lat' dir='ltr'><strong>grammaticae</strong></span> <span class='ocrx_word' id='word_1_79' title='bbox 1348 1977 1615 2027; x_wconf 53' lang='lat' dir='ltr'><strong>elementisff)</strong></span> 
     </span>
     <span class='ocr_line' id='line_1_16' title="bbox 330 2052 1616 2104; baseline 0 -14"><span class='ocrx_word' id='word_1_80' title='bbox 330 2053 438 2091; x_wconf 89' lang='lat' dir='ltr'><strong>Nam</strong></span> <span class='ocrx_word' id='word_1_81' title='bbox 468 2057 510 2090; x_wconf 89' lang='lat' dir='ltr'><strong>et</strong></span> <span class='ocrx_word' id='word_1_82' title='bbox 538 2053 625 2104; x_wconf 87' lang='lat' dir='ltr'><strong>ipse</strong></span> <span class='ocrx_word' id='word_1_83' title='bbox 655 2053 757 2091; x_wconf 87' lang='lat' dir='ltr'><strong>Cato</strong></span> <span class='ocrx_word' id='word_1_84' title='bbox 788 2052 1072 2091; x_wconf 83' lang='lat' dir='ltr'><strong>severissimus</strong></span> <span class='ocrx_word' id='word_1_85' title='bbox 1100 2052 1170 2090; x_wconf 88' lang='lat' dir='ltr'><strong>ille</strong></span> <span class='ocrx_word' id='word_1_86' title='bbox 1198 2065 1402 2101; x_wconf 89' lang='lat' dir='ltr'><strong>romanus,</strong></span> <span class='ocrx_word' id='word_1_87' title='bbox 1448 2052 1526 2090; x_wconf 83' lang='lat' dir='ltr'><strong>etsi</strong></span> <span class='ocrx_word' id='word_1_88' title='bbox 1553 2065 1616 2090; x_wconf 91' lang='lat' dir='ltr'><strong>re-</strong></span> 
     </span>
     <span class='ocr_line' id='line_1_17' title="bbox 331 2127 1618 2183; baseline -0.001 -17"><span class='ocrx_word' id='word_1_89' title='bbox 331 2135 469 2166; x_wconf 85' lang='lat' dir='ltr'><strong>motus</strong></span> <span class='ocrx_word' id='word_1_90' title='bbox 498 2128 548 2166; x_wconf 89' lang='lat' dir='ltr'><strong>ab</strong></span> <span class='ocrx_word' id='word_1_91' title='bbox 579 2128 692 2166; x_wconf 90' lang='lat' dir='ltr'><strong>omni</strong></span> <span class='ocrx_word' id='word_1_92' title='bbox 721 2141 869 2179; x_wconf 89' lang='lat' dir='ltr'><strong>graeco</strong></span> <span class='ocrx_word' id='word_1_93' title='bbox 900 2128 1014 2166; x_wconf 89' lang='lat' dir='ltr'><strong>cultu</strong></span> <span class='ocrx_word' id='word_1_94' title='bbox 1044 2133 1085 2167; x_wconf 92' lang='lat' dir='ltr'><strong>et</strong></span> <span class='ocrx_word' id='word_1_95' title='bbox 1109 2127 1269 2178; x_wconf 89' lang='lat' dir='ltr'><strong>ingenii</strong></span> <span class='ocrx_word' id='word_1_96' title='bbox 1289 2131 1330 2166; x_wconf 94' lang='lat' dir='ltr'><strong>et</strong></span> <span class='ocrx_word' id='word_1_97' title='bbox 1349 2127 1460 2165; x_wconf 90' lang='lat' dir='ltr'><strong>vitae</strong></span> <span class='ocrx_word' id='word_1_98' title='bbox 1480 2127 1618 2183; x_wconf 82' lang='lat' dir='ltr'><strong>omnia</strong></span> 
     </span>
     <span class='ocr_line' id='line_1_18' title="bbox 331 2202 1618 2255; baseline -0.001 -14"><span class='ocrx_word' id='word_1_99' title='bbox 331 2203 413 2241; x_wconf 89' lang='lat' dir='ltr'><strong>nisi</strong></span> <span class='ocrx_word' id='word_1_100' title='bbox 444 2216 613 2241; x_wconf 88' lang='lat' dir='ltr'><strong>romana</strong></span> <span class='ocrx_word' id='word_1_101' title='bbox 642 2202 881 2255; x_wconf 87' lang='lat' dir='ltr'><strong>despiceret,</strong></span> <span class='ocrx_word' id='word_1_102' title='bbox 913 2203 1049 2241; x_wconf 87' lang='lat' dir='ltr'><strong>facere</strong></span> <span class='ocrx_word' id='word_1_103' title='bbox 1077 2215 1162 2241; x_wconf 91' lang='lat' dir='ltr'><strong>non</strong></span> <span class='ocrx_word' id='word_1_104' title='bbox 1189 2203 1338 2254; x_wconf 82' lang='lat' dir='ltr'><strong>potuit,</strong></span> <span class='ocrx_word' id='word_1_105' title='bbox 1370 2202 1471 2254; x_wconf 90' lang='lat' dir='ltr'><strong>quin</strong></span> <span class='ocrx_word' id='word_1_106' title='bbox 1499 2202 1618 2241; x_wconf 80' lang='lat' dir='ltr'><strong>annis</strong></span> 
     </span>
    </p>
   </div>
   <div class='ocr_carea' id='block_1_4' title="bbox 334 2276 1617 2329">
    <p class='ocr_par' dir='ltr' id='par_1_5' title="bbox 334 2276 1617 2329">
     <span class='ocr_line' id='line_1_19' title="bbox 334 2276 1617 2329; baseline -0.001 -12"><span class='ocrx_word' id='word_1_107' title='bbox 334 2277 559 2317; x_wconf 86' lang='lat' dir='ltr'><strong>admodum</strong></span> <span class='ocrx_word' id='word_1_108' title='bbox 602 2283 800 2329; x_wconf 83' lang='lat' dir='ltr'><strong>gravatus</strong></span> <span class='ocrx_word' id='word_1_109' title='bbox 843 2292 1034 2329; x_wconf 87' lang='lat' dir='ltr'><strong>graecam</strong></span> <span class='ocrx_word' id='word_1_110' title='bbox 1070 2278 1257 2329; x_wconf 84' lang='lat' dir='ltr'><strong>linguam</strong></span> <span class='ocrx_word' id='word_1_111' title='bbox 1292 2276 1478 2327; x_wconf 88' lang='lat' dir='ltr'><strong>disceret,</strong></span> <span class='ocrx_word' id='word_1_112' title='bbox 1524 2291 1617 2316; x_wconf 91' lang='lat' dir='ltr'><strong>cum</strong></span> 
     </span>
    </p>
   </div>
   <div class='ocr_carea' id='block_1_5' title="bbox 332 2379 442 2382">
    <p class='ocr_par' dir='ltr' id='par_1_6' title="bbox 332 2379 442 2382">
     <span class='ocr_line' id='line_1_20' title="bbox 332 2379 442 2382; baseline 0 0"><span class='ocrx_word' id='word_1_113' title='bbox 332 2379 442 2382; x_wconf 95' lang='lat' dir='ltr'><strong> </strong></span> 
     </span>
    </p>
   </div>
   <div class='ocr_carea' id='block_1_6' title="bbox 445 2378 589 2381">
    <p class='ocr_par' dir='ltr' id='par_1_7' title="bbox 445 2378 589 2381">
     <span class='ocr_line' id='line_1_21' title="bbox 445 2378 589 2381; baseline 0 0"><span class='ocrx_word' id='word_1_114' title='bbox 445 2378 589 2381; x_wconf 95' lang='lat' dir='ltr'><strong> </strong></span> 
     </span>
    </p>
   </div>
   <div class='ocr_carea' id='block_1_7' title="bbox 332 2428 1618 2517">
    <p class='ocr_par' dir='ltr' id='par_1_8' title="bbox 332 2428 1618 2517">
     <span class='ocr_line' id='line_1_22' title="bbox 462 2428 1618 2471; baseline 0.001 -11"><span class='ocrx_word' id='word_1_115' title='bbox 462 2429 496 2469; x_wconf 37' lang='grc' dir='ltr'><strong>ἦ)</strong></span> <span class='ocrx_word' id='word_1_116' title='bbox 521 2430 562 2460; x_wconf 75' lang='lat' dir='ltr'><strong>cf.</strong></span> <span class='ocrx_word' id='word_1_117' title='bbox 588 2429 814 2461; x_wconf 71' lang='lat' dir='ltr'><strong>Graefunhan:</strong></span> <span class='ocrx_word' id='word_1_118' title='bbox 839 2429 1038 2461; x_wconf 78' lang='lat' dir='ltr'><strong>Gcschichte</strong></span> <span class='ocrx_word' id='word_1_119' title='bbox 1062 2429 1120 2461; x_wconf 85' lang='lat' dir='ltr'><strong>der</strong></span> <span class='ocrx_word' id='word_1_120' title='bbox 1142 2428 1345 2461; x_wconf 80' lang='lat' dir='ltr'><strong>classischen</strong></span> <span class='ocrx_word' id='word_1_121' title='bbox 1363 2428 1549 2471; x_wconf 80' lang='lat' dir='ltr'><strong>Philologie</strong></span> <span class='ocrx_word' id='word_1_122' title='bbox 1573 2429 1618 2461; x_wconf 85' lang='lat' dir='ltr'><strong>im</strong></span> 
     </span>
     <span class='ocr_line' id='line_1_23' title="bbox 332 2472 949 2517; baseline 0.002 -13"><span class='ocrx_word' id='word_1_123' title='bbox 332 2473 532 2508; x_wconf 78' lang='lat' dir='ltr'><strong>Altertume.</strong></span> <span class='ocrx_word' id='word_1_124' title='bbox 579 2472 631 2504; x_wconf 82' lang='lat' dir='ltr'><strong>vol</strong></span> <span class='ocrx_word' id='word_1_125' title='bbox 666 2473 711 2506; x_wconf 87' lang='lat' dir='ltr'><strong>II.</strong></span> <span class='ocrx_word' id='word_1_126' title='bbox 736 2483 766 2517; x_wconf 82' lang='lat' dir='ltr'><strong>p.</strong></span> <span class='ocrx_word' id='word_1_127' title='bbox 791 2472 853 2504; x_wconf 72' lang='lat'><strong>249</strong></span> <span class='ocrx_word' id='word_1_128' title='bbox 877 2483 949 2515; x_wconf 83' lang='lat' dir='ltr'><strong>sqq.</strong></span> 
     </span>
    </p>
   </div>
  </div>
 </body>
</html>
