<?xml version="1.0" encoding="UTF-8"?>
<!DOCTYPE html PUBLIC "-//W3C//DTD XHTML 1.0 Transitional//EN"
    "http://www.w3.org/TR/xhtml1/DTD/xhtml1-transitional.dtd">
<html xmlns="http://www.w3.org/1999/xhtml" xml:lang="en" lang="en">
 <head>
  <title>
</title>
<meta http-equiv="Content-Type" content="text/html;charset=utf-8" />
  <meta name='ocr-system' content='tesseract 3.04.00' />
  <meta name='ocr-capabilities' content='ocr_page ocr_carea ocr_par ocr_line ocrx_word'/>
</head>
<body>
  <div class='ocr_page' id='page_1' title='image "4737347_0038.png"; bbox 0 0 1874 2917; ppageno 0'>
   <div class='ocr_carea' id='block_1_1' title="bbox 781 170 1018 210">
    <p class='ocr_par' dir='ltr' id='par_1_1' title="bbox 781 170 1018 210">
     <span class='ocr_line' id='line_1_1' title="bbox 781 170 1018 210; baseline -0.004 -10"><span class='ocrx_word' id='word_1_1' title='bbox 781 170 1018 210; x_wconf 61' lang='lat'><strong>—37—</strong></span> 
     </span>
    </p>
   </div>
   <div class='ocr_carea' id='block_1_2' title="bbox 257 319 1538 599">
    <p class='ocr_par' dir='ltr' id='par_1_2' title="bbox 257 319 1538 599">
     <span class='ocr_line' id='line_1_2' title="bbox 257 319 1538 373; baseline -0.002 -12"><span class='ocrx_word' id='word_1_2' title='bbox 257 322 384 361; x_wconf 82' lang='lat' dir='ltr'>trario</span> <span class='ocrx_word' id='word_1_3' title='bbox 414 322 480 373; x_wconf 88' lang='lat' dir='ltr'>(A.</span> <span class='ocrx_word' id='word_1_4' title='bbox 510 322 564 361; x_wconf 88' lang='lat' dir='ltr'>II.</span> <span class='ocrx_word' id='word_1_5' title='bbox 585 323 643 372; x_wconf 82' lang='lat'>8):</span> <span class='ocrx_word' id='word_1_6' title='bbox 673 335 755 360; x_wconf 85' lang='lat' dir='ltr'>nox</span> <span class='ocrx_word' id='word_1_7' title='bbox 783 319 952 360; x_wconf 82' lang='lat' dir='ltr'>humida</span> <span class='ocrx_word' id='word_1_8' title='bbox 981 319 1106 359; x_wconf 90' lang='lat' dir='ltr'>coelo.</span> <span class='ocrx_word' id='word_1_9' title='bbox 1163 319 1434 372; x_wconf 72' lang='lat' dir='ltr'>Praecipitat:</span> <span class='ocrx_word' id='word_1_10' title='bbox 1463 332 1538 372; x_wconf 88' lang='lat' dir='ltr'>pro</span> 
     </span>
     <span class='ocr_line' id='line_1_3' title="bbox 258 397 1168 449; baseline -0.001 -14"><span class='ocrx_word' id='word_1_11' title='bbox 258 398 564 449; x_wconf 86' lang='lat' dir='ltr'>praecipitatur,</span> <span class='ocrx_word' id='word_1_12' title='bbox 597 397 779 436; x_wconf 83' lang='lat' dir='ltr'>activum</span> <span class='ocrx_word' id='word_1_13' title='bbox 806 410 880 448; x_wconf 90' lang='lat' dir='ltr'>pro</span> <span class='ocrx_word' id='word_1_14' title='bbox 909 397 1085 448; x_wconf 84' lang='lat' dir='ltr'>passivo.</span> <span class='ocrx_word' id='word_1_15' title='bbox 1119 420 1168 423; x_wconf 97' lang='lat'><strong>—</strong></span> 
     </span>
     <span class='ocr_line' id='line_1_4' title="bbox 409 485 1391 532; baseline -0.001 -10"><span class='ocrx_word' id='word_1_16' title='bbox 409 487 467 522; x_wconf 77' lang='grc' dir='ltr'>Β.</span> <span class='ocrx_word' id='word_1_17' title='bbox 499 486 629 523; x_wconf 69' lang='lat' dir='ltr'>lvi».</span> <span class='ocrx_word' id='word_1_18' title='bbox 659 487 707 523; x_wconf 73' lang='lat'>2.</span> <span class='ocrx_word' id='word_1_19' title='bbox 764 487 841 523; x_wconf 77' lang='lat' dir='ltr'>De</span> <span class='ocrx_word' id='word_1_20' title='bbox 870 485 1196 532; x_wconf 70' lang='lat' dir='ltr'><strong>temporibus</strong></span> <span class='ocrx_word' id='word_1_21' title='bbox 1226 485 1391 522; x_wconf 76' lang='lat' dir='ltr'>verbi.</span> 
     </span>
     <span class='ocr_line' id='line_1_5' title="bbox 566 556 1234 599; baseline -0.001 -1"><span class='ocrx_word' id='word_1_22' title='bbox 566 557 710 599; x_wconf 80' lang='lat' dir='ltr'>&#39;Donati</span> <span class='ocrx_word' id='word_1_23' title='bbox 739 557 943 599; x_wconf 80' lang='lat' dir='ltr'>comment.</span> <span class='ocrx_word' id='word_1_24' title='bbox 971 557 1024 598; x_wconf 72' lang='lat' dir='ltr'>in</span> <span class='ocrx_word' id='word_1_25' title='bbox 1043 556 1234 598; x_wconf 73' lang='lat' dir='ltr'>Terentii:</span> 
     </span>
    </p>
   </div>
   <div class='ocr_carea' id='block_1_3' title="bbox 258 642 1539 771">
    <p class='ocr_par' dir='ltr' id='par_1_3' title="bbox 258 642 1539 771">
     <span class='ocr_line' id='line_1_6' title="bbox 385 642 1539 695; baseline -0.001 -14"><span class='ocrx_word' id='word_1_26' title='bbox 385 642 513 682; x_wconf 84' lang='lat' dir='ltr'>Andr.</span> <span class='ocrx_word' id='word_1_27' title='bbox 551 644 652 695; x_wconf 85' lang='lat' dir='ltr'>prol.</span> <span class='ocrx_word' id='word_1_28' title='bbox 686 644 745 681; x_wconf 87' lang='lat'>11.</span> <span class='ocrx_word' id='word_1_29' title='bbox 803 644 916 682; x_wconf 89' lang='lat' dir='ltr'>Bene</span> <span class='ocrx_word' id='word_1_30' title='bbox 951 643 1195 695; x_wconf 87' lang='lat' dir='ltr'>imperfecto</span> <span class='ocrx_word' id='word_1_31' title='bbox 1233 646 1418 694; x_wconf 87' lang='lat' dir='ltr'>tempore</span> <span class='ocrx_word' id='word_1_32' title='bbox 1454 654 1539 680; x_wconf 85' lang='lat' dir='ltr'>non</span> 
     </span>
     <span class='ocr_line' id='line_1_7' title="bbox 258 717 1539 771; baseline -0.002 -13"><span class='ocrx_word' id='word_1_33' title='bbox 258 720 443 771; x_wconf 85' lang='lat' dir='ltr'>perfecto</span> <span class='ocrx_word' id='word_1_34' title='bbox 472 733 571 757; x_wconf 89' lang='lat' dir='ltr'>usus</span> <span class='ocrx_word' id='word_1_35' title='bbox 592 723 669 758; x_wconf 86' lang='lat' dir='ltr'>est:</span> <span class='ocrx_word' id='word_1_36' title='bbox 699 722 746 757; x_wconf 87' lang='lat' dir='ltr'>ut</span> <span class='ocrx_word' id='word_1_37' title='bbox 765 718 964 768; x_wconf 83' lang='lat' dir='ltr'>ostendat,</span> <span class='ocrx_word' id='word_1_38' title='bbox 997 732 1091 757; x_wconf 92' lang='lat' dir='ltr'>eum</span> <span class='ocrx_word' id='word_1_39' title='bbox 1110 718 1295 770; x_wconf 87' lang='lat' dir='ltr'>potuisse</span> <span class='ocrx_word' id='word_1_40' title='bbox 1315 718 1394 756; x_wconf 86' lang='lat' dir='ltr'>sibi</span> <span class='ocrx_word' id='word_1_41' title='bbox 1414 717 1539 756; x_wconf 85' lang='lat' dir='ltr'>etiam</span> 
     </span>
    </p>
   </div>
   <div class='ocr_carea' id='block_1_4' title="bbox 260 794 728 846">
    <p class='ocr_par' dir='ltr' id='par_1_4' title="bbox 260 794 728 846">
     <span class='ocr_line' id='line_1_8' title="bbox 260 794 728 846; baseline -0.002 -14"><span class='ocrx_word' id='word_1_42' title='bbox 260 800 382 846; x_wconf 80' lang='lat' dir='ltr'>atque</span> <span class='ocrx_word' id='word_1_43' title='bbox 411 795 535 832; x_wconf 85' lang='lat' dir='ltr'>etiam</span> <span class='ocrx_word' id='word_1_44' title='bbox 564 794 728 832; x_wconf 84' lang='lat' dir='ltr'>servire.</span> 
     </span>
    </p>
   </div>
   <div class='ocr_carea' id='block_1_5' title="bbox 253 878 1538 1921">
    <p class='ocr_par' dir='ltr' id='par_1_5' title="bbox 610 878 1184 931">
     <span class='ocr_line' id='line_1_9' title="bbox 610 878 1184 931; baseline 0 -11"><span class='ocrx_word' id='word_1_45' title='bbox 610 879 740 921; x_wconf 77' lang='lat' dir='ltr'>Servii</span> <span class='ocrx_word' id='word_1_46' title='bbox 768 891 901 921; x_wconf 83' lang='lat' dir='ltr'>comm.</span> <span class='ocrx_word' id='word_1_47' title='bbox 929 880 972 921; x_wconf 85' lang='lat' dir='ltr'>in</span> <span class='ocrx_word' id='word_1_48' title='bbox 999 878 1184 931; x_wconf 80' lang='lat' dir='ltr'>Vergilii:</span> 
     </span>
    </p>

    <p class='ocr_par' dir='ltr' id='par_1_6' title="bbox 253 953 1538 1757">
     <span class='ocr_line' id='line_1_10' title="bbox 385 953 1536 1004; baseline -0.001 -11"><span class='ocrx_word' id='word_1_49' title='bbox 385 955 487 993; x_wconf 90' lang='lat' dir='ltr'>Aen.</span> <span class='ocrx_word' id='word_1_50' title='bbox 520 955 566 992; x_wconf 86' lang='lat'>11.</span> <span class='ocrx_word' id='word_1_51' title='bbox 601 955 660 992; x_wconf 78' lang='lat'>12.</span> <span class='ocrx_word' id='word_1_52' title='bbox 706 953 824 1001; x_wconf 78' lang='lat' dir='ltr'>Quod</span> <span class='ocrx_word' id='word_1_53' title='bbox 853 959 991 993; x_wconf 87' lang='lat' dir='ltr'>autem</span> <span class='ocrx_word' id='word_1_54' title='bbox 1019 953 1124 993; x_wconf 86' lang='lat' dir='ltr'>dixit</span> <span class='ocrx_word' id='word_1_55' title='bbox 1153 954 1414 1004; x_wconf 79' lang='lat' dir='ltr'>„meminisse</span> <span class='ocrx_word' id='word_1_56' title='bbox 1442 954 1536 992; x_wconf 92' lang='lat' dir='ltr'>hor-</span> 
     </span>
     <span class='ocr_line' id='line_1_11' title="bbox 256 1028 1537 1080; baseline 0 -13"><span class='ocrx_word' id='word_1_57' title='bbox 256 1032 345 1068; x_wconf 80' lang='lat' dir='ltr'>ret“</span> <span class='ocrx_word' id='word_1_58' title='bbox 375 1028 573 1067; x_wconf 72' lang='lat' dir='ltr'>defectivi</span> <span class='ocrx_word' id='word_1_59' title='bbox 601 1029 717 1067; x_wconf 83' lang='lat' dir='ltr'>verbi</span> <span class='ocrx_word' id='word_1_60' title='bbox 745 1030 850 1067; x_wconf 80' lang='lat' dir='ltr'>ratio</span> <span class='ocrx_word' id='word_1_61' title='bbox 880 1034 950 1078; x_wconf 85' lang='lat' dir='ltr'>est⁷</span> <span class='ocrx_word' id='word_1_62' title='bbox 992 1043 1067 1067; x_wconf 90' lang='lat' dir='ltr'>nec</span> <span class='ocrx_word' id='word_1_63' title='bbox 1097 1030 1207 1067; x_wconf 88' lang='lat' dir='ltr'>enim</span> <span class='ocrx_word' id='word_1_64' title='bbox 1235 1029 1373 1080; x_wconf 88' lang='lat' dir='ltr'>potuit</span> <span class='ocrx_word' id='word_1_65' title='bbox 1401 1028 1537 1068; x_wconf 81' lang='lat' dir='ltr'>dicere</span> 
     </span>
     <span class='ocr_line' id='line_1_12' title="bbox 256 1104 1536 1156; baseline 0.001 -14"><span class='ocrx_word' id='word_1_66' title='bbox 256 1104 585 1155; x_wconf 41' lang='lat' dir='ltr'>⁷‚memineressffi</span> <span class='ocrx_word' id='word_1_67' title='bbox 644 1109 684 1142; x_wconf 90' lang='lat' dir='ltr'>et</span> <span class='ocrx_word' id='word_1_68' title='bbox 717 1105 762 1142; x_wconf 93' lang='lat' dir='ltr'>in</span> <span class='ocrx_word' id='word_1_69' title='bbox 797 1104 862 1142; x_wconf 89' lang='lat' dir='ltr'>his</span> <span class='ocrx_word' id='word_1_70' title='bbox 892 1118 994 1155; x_wconf 82' lang='lat' dir='ltr'>quae</span> <span class='ocrx_word' id='word_1_71' title='bbox 1023 1108 1216 1156; x_wconf 83' lang='lat' dir='ltr'>corrupta</span> <span class='ocrx_word' id='word_1_72' title='bbox 1245 1109 1341 1143; x_wconf 88' lang='lat' dir='ltr'>sunt</span> <span class='ocrx_word' id='word_1_73' title='bbox 1369 1109 1536 1143; x_wconf 84' lang='lat' dir='ltr'>natura-</span> 
     </span>
     <span class='ocr_line' id='line_1_13' title="bbox 255 1178 1537 1232; baseline 0 -14"><span class='ocrx_word' id='word_1_74' title='bbox 255 1181 360 1230; x_wconf 83' lang='lat' dir='ltr'>liter,</span> <span class='ocrx_word' id='word_1_75' title='bbox 392 1184 454 1218; x_wconf 89' lang='lat' dir='ltr'>ut:</span> <span class='ocrx_word' id='word_1_76' title='bbox 500 1178 568 1218; x_wconf 92' lang='lat' dir='ltr'>odi</span> <span class='ocrx_word' id='word_1_77' title='bbox 610 1180 709 1217; x_wconf 89' lang='lat' dir='ltr'>novi</span> <span class='ocrx_word' id='word_1_78' title='bbox 751 1180 921 1218; x_wconf 89' lang='lat' dir='ltr'>memini</span> <span class='ocrx_word' id='word_1_79' title='bbox 958 1184 998 1218; x_wconf 90' lang='lat' dir='ltr'>et</span> <span class='ocrx_word' id='word_1_80' title='bbox 1035 1181 1172 1219; x_wconf 83' lang='lat' dir='ltr'>omnia</span> <span class='ocrx_word' id='word_1_81' title='bbox 1209 1185 1395 1232; x_wconf 83' lang='lat' dir='ltr'>tempora</span> <span class='ocrx_word' id='word_1_82' title='bbox 1433 1194 1537 1232; x_wconf 88' lang='lat' dir='ltr'>quae</span> 
     </span>
     <span class='ocr_line' id='line_1_14' title="bbox 256 1255 1538 1306; baseline 0 -13"><span class='ocrx_word' id='word_1_83' title='bbox 256 1256 526 1293; x_wconf 83' lang='lat' dir='ltr'>inveniuntur</span> <span class='ocrx_word' id='word_1_84' title='bbox 555 1260 596 1292; x_wconf 85' lang='lat' dir='ltr'>et</span> <span class='ocrx_word' id='word_1_85' title='bbox 634 1268 706 1293; x_wconf 89' lang='lat' dir='ltr'>suo</span> <span class='ocrx_word' id='word_1_86' title='bbox 747 1260 788 1293; x_wconf 88' lang='lat' dir='ltr'>et</span> <span class='ocrx_word' id='word_1_87' title='bbox 830 1255 1004 1294; x_wconf 82' lang='lat' dir='ltr'>aliorum</span> <span class='ocrx_word' id='word_1_88' title='bbox 1032 1255 1266 1306; x_wconf 85' lang='lat' dir='ltr'>funguntur</span> <span class='ocrx_word' id='word_1_89' title='bbox 1295 1256 1445 1305; x_wconf 72' lang='lat' dir='ltr'>officio⁷</span> <span class='ocrx_word' id='word_1_90' title='bbox 1490 1260 1538 1294; x_wconf 88' lang='lat' dir='ltr'>ut</span> 
     </span>
     <span class='ocr_line' id='line_1_15' title="bbox 256 1330 1533 1380; baseline 0.002 -13"><span class='ocrx_word' id='word_1_91' title='bbox 256 1330 479 1379; x_wconf 54' lang='lat' dir='ltr'>„meminffl</span> <span class='ocrx_word' id='word_1_92' title='bbox 521 1330 789 1380; x_wconf 71' lang='lat' dir='ltr'>praeteritum</span> <span class='ocrx_word' id='word_1_93' title='bbox 832 1334 903 1379; x_wconf 82' lang='lat' dir='ltr'>est,</span> <span class='ocrx_word' id='word_1_94' title='bbox 947 1330 1124 1380; x_wconf 85' lang='lat' dir='ltr'>legimus</span> <span class='ocrx_word' id='word_1_95' title='bbox 1166 1335 1306 1368; x_wconf 82' lang='lat' dir='ltr'>tamen</span> <span class='ocrx_word' id='word_1_96' title='bbox 1344 1334 1385 1368; x_wconf 90' lang='lat' dir='ltr'>et</span> <span class='ocrx_word' id='word_1_97' title='bbox 1429 1331 1533 1379; x_wconf 87' lang='lat' dir='ltr'>(Ter.</span> 
     </span>
     <span class='ocr_line' id='line_1_16' title="bbox 255 1403 1536 1457; baseline 0.002 -14"><span class='ocrx_word' id='word_1_98' title='bbox 255 1404 383 1444; x_wconf 85' lang='lat' dir='ltr'>Andr.</span> <span class='ocrx_word' id='word_1_99' title='bbox 416 1407 463 1443; x_wconf 81' lang='grc' dir='ltr'>Η.</span> <span class='ocrx_word' id='word_1_100' title='bbox 496 1405 671 1455; x_wconf 54' lang='grc' dir='ltr'>5,18;Η&gt;</span> <span class='ocrx_word' id='word_1_101' title='bbox 715 1405 884 1443; x_wconf 88' lang='lat' dir='ltr'>memini</span> <span class='ocrx_word' id='word_1_102' title='bbox 920 1403 1070 1455; x_wconf 81' lang='lat' dir='ltr'>videre⁷</span> <span class='ocrx_word' id='word_1_103' title='bbox 1116 1419 1195 1457; x_wconf 92' lang='lat' dir='ltr'>quo</span> <span class='ocrx_word' id='word_1_104' title='bbox 1240 1406 1409 1457; x_wconf 83' lang='lat' dir='ltr'>aequior</span> <span class='ocrx_word' id='word_1_105' title='bbox 1446 1420 1536 1445; x_wconf 85' lang='lat' dir='ltr'>sum</span> 
     </span>
     <span class='ocr_line' id='line_1_17' title="bbox 255 1481 1536 1531; baseline 0.002 -13"><span class='ocrx_word' id='word_1_106' title='bbox 255 1481 484 1531; x_wconf 85' lang='lat' dir='ltr'>Pamphilo,</span> <span class='ocrx_word' id='word_1_107' title='bbox 531 1485 571 1518; x_wconf 85' lang='lat' dir='ltr'>et</span> <span class='ocrx_word' id='word_1_108' title='bbox 610 1481 773 1530; x_wconf 79' lang='lat' dir='ltr'>(Georg.</span> <span class='ocrx_word' id='word_1_109' title='bbox 804 1481 875 1519; x_wconf 87' lang='lat' dir='ltr'>IV.</span> <span class='ocrx_word' id='word_1_110' title='bbox 909 1481 1017 1529; x_wconf 82' lang='lat'>125):</span> <span class='ocrx_word' id='word_1_111' title='bbox 1060 1481 1228 1518; x_wconf 88' lang='lat' dir='ltr'>memini</span> <span class='ocrx_word' id='word_1_112' title='bbox 1257 1495 1322 1519; x_wconf 90' lang='lat' dir='ltr'>me</span> <span class='ocrx_word' id='word_1_113' title='bbox 1350 1482 1536 1520; x_wconf 89' lang='lat' dir='ltr'>turribus</span> 
     </span>
     <span class='ocr_line' id='line_1_18' title="bbox 255 1549 1534 1606; baseline 0.002 -13"><span class='ocrx_word' id='word_1_114' title='bbox 255 1555 349 1593; x_wconf 83' lang='lat' dir='ltr'>altis</span> <span class='ocrx_word' id='word_1_115' title='bbox 379 1556 599 1606; x_wconf 84' lang='lat' dir='ltr'>Corycium</span> <span class='ocrx_word' id='word_1_116' title='bbox 627 1554 780 1593; x_wconf 86' lang='lat' dir='ltr'>vidisse</span> <span class='ocrx_word' id='word_1_117' title='bbox 814 1569 962 1593; x_wconf 87' lang='lat' dir='ltr'>senem.</span> <span class='ocrx_word' id='word_1_118' title='bbox 1010 1549 1132 1606; x_wconf 42' lang='lat' dir='ltr'>&#39;quod</span> <span class='ocrx_word' id='word_1_119' title='bbox 1159 1556 1193 1594; x_wconf 90' lang='lat' dir='ltr'>si</span> <span class='ocrx_word' id='word_1_120' title='bbox 1223 1556 1270 1594; x_wconf 87' lang='lat' dir='ltr'>fit</span> <span class='ocrx_word' id='word_1_121' title='bbox 1300 1560 1341 1594; x_wconf 88' lang='lat' dir='ltr'>et</span> <span class='ocrx_word' id='word_1_122' title='bbox 1368 1557 1413 1594; x_wconf 91' lang='lat' dir='ltr'>in</span> <span class='ocrx_word' id='word_1_123' title='bbox 1442 1570 1534 1596; x_wconf 83' lang='lat' dir='ltr'>ver-</span> 
     </span>
     <span class='ocr_line' id='line_1_19' title="bbox 253 1625 1532 1680; baseline 0.002 -13"><span class='ocrx_word' id='word_1_124' title='bbox 253 1630 317 1667; x_wconf 85' lang='lat' dir='ltr'>bis</span> <span class='ocrx_word' id='word_1_125' title='bbox 345 1630 530 1680; x_wconf 82' lang='lat' dir='ltr'>integris,</span> <span class='ocrx_word' id='word_1_126' title='bbox 561 1635 608 1668; x_wconf 91' lang='lat' dir='ltr'>ut</span> <span class='ocrx_word' id='word_1_127' title='bbox 637 1625 753 1679; x_wconf 80' lang='lat' dir='ltr'>(Aen.</span> <span class='ocrx_word' id='word_1_128' title='bbox 785 1631 852 1667; x_wconf 76' lang='lat'>111.</span> <span class='ocrx_word' id='word_1_129' title='bbox 881 1631 992 1679; x_wconf 76' lang='lat'>282):</span> <span class='ocrx_word' id='word_1_130' title='bbox 1022 1631 1138 1669; x_wconf 82' lang='lat' dir='ltr'>iuvat</span> <span class='ocrx_word' id='word_1_131' title='bbox 1167 1631 1343 1669; x_wconf 82' lang='lat' dir='ltr'>evasisse</span> <span class='ocrx_word' id='word_1_132' title='bbox 1373 1633 1437 1669; x_wconf 81' lang='lat' dir='ltr'>tot</span> <span class='ocrx_word' id='word_1_133' title='bbox 1464 1645 1532 1669; x_wconf 90' lang='lat' dir='ltr'>ur-</span> 
     </span>
     <span class='ocr_line' id='line_1_20' title="bbox 253 1705 1014 1757; baseline 0 -14"><span class='ocrx_word' id='word_1_134' title='bbox 253 1705 336 1755; x_wconf 71' lang='lat' dir='ltr'>bes,</span> <span class='ocrx_word' id='word_1_135' title='bbox 368 1709 521 1755; x_wconf 82' lang='lat' dir='ltr'>quanto</span> <span class='ocrx_word' id='word_1_136' title='bbox 551 1705 683 1756; x_wconf 83' lang='lat' dir='ltr'>magis</span> <span class='ocrx_word' id='word_1_137' title='bbox 712 1706 756 1743; x_wconf 88' lang='lat' dir='ltr'>in</span> <span class='ocrx_word' id='word_1_138' title='bbox 785 1705 1014 1757; x_wconf 79' lang='lat' dir='ltr'>corruptis?</span> 
     </span>
    </p>

    <p class='ocr_par' dir='ltr' id='par_1_7' title="bbox 254 1790 1534 1921">
     <span class='ocr_line' id='line_1_21' title="bbox 382 1790 1533 1832; baseline 0.003 -4"><span class='ocrx_word' id='word_1_139' title='bbox 382 1790 484 1829; x_wconf 89' lang='lat' dir='ltr'>Aen.</span> <span class='ocrx_word' id='word_1_140' title='bbox 515 1792 590 1829; x_wconf 87' lang='grc' dir='ltr'>ΠΙ.</span> <span class='ocrx_word' id='word_1_141' title='bbox 622 1792 711 1830; x_wconf 81' lang='lat'>417.</span> <span class='ocrx_word' id='word_1_142' title='bbox 768 1791 876 1830; x_wconf 85' lang='lat' dir='ltr'>foret</span> <span class='ocrx_word' id='word_1_143' title='bbox 904 1792 954 1830; x_wconf 86' lang='lat' dir='ltr'>ab</span> <span class='ocrx_word' id='word_1_144' title='bbox 982 1792 1145 1830; x_wconf 88' lang='lat' dir='ltr'>infinito</span> <span class='ocrx_word' id='word_1_145' title='bbox 1176 1796 1253 1832; x_wconf 85' lang='lat' dir='ltr'>est:</span> <span class='ocrx_word' id='word_1_146' title='bbox 1298 1792 1369 1831; x_wconf 90' lang='lat' dir='ltr'>sed</span> <span class='ocrx_word' id='word_1_147' title='bbox 1411 1792 1533 1832; x_wconf 91' lang='lat' dir='ltr'>modo</span> 
     </span>
     <span class='ocr_line' id='line_1_22' title="bbox 254 1866 1534 1921; baseline 0.003 -17"><span class='ocrx_word' id='word_1_148' title='bbox 254 1867 522 1918; x_wconf 80' lang='lat' dir='ltr'>praeteritum</span> <span class='ocrx_word' id='word_1_149' title='bbox 543 1867 751 1917; x_wconf 81' lang='lat' dir='ltr'>significat</span> <span class='ocrx_word' id='word_1_150' title='bbox 770 1871 942 1919; x_wconf 72' lang='lat' dir='ltr'>tempus,</span> <span class='ocrx_word' id='word_1_151' title='bbox 975 1866 1084 1918; x_wconf 87' lang='lat' dir='ltr'>quod</span> <span class='ocrx_word' id='word_1_152' title='bbox 1103 1881 1241 1906; x_wconf 83' lang='lat' dir='ltr'>rarum</span> <span class='ocrx_word' id='word_1_153' title='bbox 1262 1872 1339 1918; x_wconf 81' lang='lat' dir='ltr'>est3</span> <span class='ocrx_word' id='word_1_154' title='bbox 1371 1869 1534 1921; x_wconf 87' lang='lat' dir='ltr'>saepius</span> 
     </span>
    </p>
   </div>
   <div class='ocr_carea' id='block_1_6' title="bbox 255 1941 826 1992">
    <p class='ocr_par' dir='ltr' id='par_1_8' title="bbox 255 1941 826 1992">
     <span class='ocr_line' id='line_1_23' title="bbox 255 1941 826 1992; baseline 0.002 -13"><span class='ocrx_word' id='word_1_155' title='bbox 255 1941 364 1979; x_wconf 89' lang='lat' dir='ltr'>enim</span> <span class='ocrx_word' id='word_1_156' title='bbox 392 1941 578 1980; x_wconf 88' lang='lat' dir='ltr'>futurum</span> <span class='ocrx_word' id='word_1_157' title='bbox 609 1942 826 1992; x_wconf 84' lang='lat' dir='ltr'>significat.</span> 
     </span>
    </p>
   </div>
   <div class='ocr_carea' id='block_1_7' title="bbox 253 2026 1535 2303">
    <p class='ocr_par' dir='ltr' id='par_1_9' title="bbox 253 2026 1535 2303">
     <span class='ocr_line' id='line_1_24' title="bbox 381 2026 1533 2082; baseline 0.003 -17"><span class='ocrx_word' id='word_1_158' title='bbox 381 2026 483 2065; x_wconf 90' lang='lat' dir='ltr'>Aen.</span> <span class='ocrx_word' id='word_1_159' title='bbox 516 2028 585 2066; x_wconf 81' lang='lat' dir='ltr'>IV.</span> <span class='ocrx_word' id='word_1_160' title='bbox 618 2028 679 2066; x_wconf 85' lang='grc'>66.</span> <span class='ocrx_word' id='word_1_161' title='bbox 737 2028 781 2066; x_wconf 85' lang='lat' dir='ltr'>in</span> <span class='ocrx_word' id='word_1_162' title='bbox 810 2027 1026 2066; x_wconf 81' lang='lat' dir='ltr'>defectivis</span> <span class='ocrx_word' id='word_1_163' title='bbox 1055 2034 1241 2080; x_wconf 79' lang='lat' dir='ltr'>tempora</span> <span class='ocrx_word' id='word_1_164' title='bbox 1269 2043 1343 2080; x_wconf 90' lang='lat' dir='ltr'>pro</span> <span class='ocrx_word' id='word_1_165' title='bbox 1374 2034 1533 2082; x_wconf 84' lang='lat' dir='ltr'>tempo-</span> 
     </span>
     <span class='ocr_line' id='line_1_25' title="bbox 253 2101 1535 2152; baseline 0.005 -14"><span class='ocrx_word' id='word_1_166' title='bbox 253 2101 367 2138; x_wconf 90' lang='lat' dir='ltr'>ribus</span> <span class='ocrx_word' id='word_1_167' title='bbox 396 2102 598 2151; x_wconf 73' lang='lat' dir='ltr'>ponimus,</span> <span class='ocrx_word' id='word_1_168' title='bbox 643 2106 706 2142; x_wconf 89' lang='lat' dir='ltr'>ut:</span> <span class='ocrx_word' id='word_1_169' title='bbox 750 2101 818 2140; x_wconf 89' lang='lat' dir='ltr'>odi</span> <span class='ocrx_word' id='word_1_170' title='bbox 846 2104 946 2141; x_wconf 83' lang='lat' dir='ltr'>novi</span> <span class='ocrx_word' id='word_1_171' title='bbox 973 2104 1153 2152; x_wconf 75' lang='lat' dir='ltr'>memini7</span> <span class='ocrx_word' id='word_1_172' title='bbox 1200 2103 1333 2142; x_wconf 87' lang='lat' dir='ltr'>odisse</span> <span class='ocrx_word' id='word_1_173' title='bbox 1368 2106 1535 2144; x_wconf 82' lang='lat' dir='ltr'>novisse</span> 
     </span>
     <span class='ocr_line' id='line_1_26' title="bbox 253 2176 1534 2229; baseline 0.005 -16"><span class='ocrx_word' id='word_1_174' title='bbox 253 2176 488 2214; x_wconf 87' lang='lat' dir='ltr'>meminisse</span> <span class='ocrx_word' id='word_1_175' title='bbox 518 2177 642 2218; x_wconf 84' lang='lat' dir='ltr'>etiam</span> <span class='ocrx_word' id='word_1_176' title='bbox 669 2191 743 2228; x_wconf 85' lang='lat' dir='ltr'>pro</span> <span class='ocrx_word' id='word_1_177' title='bbox 773 2178 979 2229; x_wconf 81' lang='lat' dir='ltr'>praesenti</span> <span class='ocrx_word' id='word_1_178' title='bbox 1007 2184 1228 2228; x_wconf 76' lang='lat' dir='ltr'>ponuntur⁷</span> <span class='ocrx_word' id='word_1_179' title='bbox 1273 2193 1375 2217; x_wconf 90' lang='lat' dir='ltr'>non:</span> <span class='ocrx_word' id='word_1_180' title='bbox 1420 2179 1534 2219; x_wconf 88' lang='lat' dir='ltr'>odire</span> 
     </span>
     <span class='ocr_line' id='line_1_27' title="bbox 253 2250 1325 2303; baseline 0.005 -16"><span class='ocrx_word' id='word_1_181' title='bbox 253 2250 399 2288; x_wconf 86' lang='lat' dir='ltr'>novire</span> <span class='ocrx_word' id='word_1_182' title='bbox 427 2251 660 2301; x_wconf 84' lang='lat' dir='ltr'>meminere,</span> <span class='ocrx_word' id='word_1_183' title='bbox 692 2265 767 2290; x_wconf 83' lang='lat' dir='ltr'>nec</span> <span class='ocrx_word' id='word_1_184' title='bbox 797 2253 906 2290; x_wconf 88' lang='lat' dir='ltr'>enim</span> <span class='ocrx_word' id='word_1_185' title='bbox 933 2265 1150 2303; x_wconf 89' lang='lat' dir='ltr'>possumus</span> <span class='ocrx_word' id='word_1_186' title='bbox 1180 2252 1325 2292; x_wconf 88' lang='lat' dir='ltr'>dicere.</span> 
     </span>
    </p>
   </div>
   <div class='ocr_carea' id='block_1_8' title="bbox 253 2338 508 2342">
    <p class='ocr_par' dir='ltr' id='par_1_10' title="bbox 253 2338 508 2342">
     <span class='ocr_line' id='line_1_28' title="bbox 253 2338 508 2342; baseline 0 0"><span class='ocrx_word' id='word_1_187' title='bbox 253 2338 508 2342; x_wconf 95' lang='lat' dir='ltr'> </span> 
     </span>
    </p>
   </div>
   <div class='ocr_carea' id='block_1_9' title="bbox 381 2372 1535 2489">
    <p class='ocr_par' dir='ltr' id='par_1_11' title="bbox 381 2372 1535 2489">
     <span class='ocr_line' id='line_1_29' title="bbox 381 2372 1535 2428; baseline 0.005 -17"><span class='ocrx_word' id='word_1_188' title='bbox 381 2378 414 2420; x_wconf 40' lang='grc' dir='ltr'>ἦ)</span> <span class='ocrx_word' id='word_1_189' title='bbox 429 2381 469 2411; x_wconf 87' lang='lat' dir='ltr'>cf.</span> <span class='ocrx_word' id='word_1_190' title='bbox 484 2381 589 2412; x_wconf 78' lang='lat' dir='ltr'>Servii</span> <span class='ocrx_word' id='word_1_191' title='bbox 605 2391 709 2413; x_wconf 87' lang='lat' dir='ltr'>comm</span> <span class='ocrx_word' id='word_1_192' title='bbox 733 2383 767 2412; x_wconf 85' lang='lat' dir='ltr'>in</span> <span class='ocrx_word' id='word_1_193' title='bbox 781 2385 841 2413; x_wconf 83' lang='lat' dir='ltr'>art.</span> <span class='ocrx_word' id='word_1_194' title='bbox 854 2372 1025 2423; x_wconf 69' lang='lat' dir='ltr'>grammat.</span> <span class='ocrx_word' id='word_1_195' title='bbox 1036 2383 1119 2414; x_wconf 86' lang='lat' dir='ltr'>Don.</span> <span class='ocrx_word' id='word_1_196' title='bbox 1135 2382 1257 2425; x_wconf 82' lang='lat' dir='ltr'>(gr.lat.</span> <span class='ocrx_word' id='word_1_197' title='bbox 1268 2385 1357 2426; x_wconf 83' lang='lat' dir='ltr'>1V.p</span> <span class='ocrx_word' id='word_1_198' title='bbox 1376 2385 1468 2423; x_wconf 74' lang='lat'>437‚1</span> <span class='ocrx_word' id='word_1_199' title='bbox 1478 2385 1535 2428; x_wconf 94' lang='lat' dir='ltr'>K.)</span> 
     </span>
     <span class='ocr_line' id='line_1_30' title="bbox 382 2433 1133 2489; baseline 0.004 -23"><span class='ocrx_word' id='word_1_200' title='bbox 382 2433 435 2474; x_wconf 67' lang='lat'>*&#39;⁶)</span> <span class='ocrx_word' id='word_1_201' title='bbox 462 2435 503 2467; x_wconf 86' lang='lat' dir='ltr'>cf.</span> <span class='ocrx_word' id='word_1_202' title='bbox 528 2435 653 2468; x_wconf 82' lang='lat' dir='ltr'>Donati</span> <span class='ocrx_word' id='word_1_203' title='bbox 677 2438 944 2489; x_wconf 64' lang='lat' dir='ltr'>commentarium</span> <span class='ocrx_word' id='word_1_204' title='bbox 970 2437 1010 2468; x_wconf 76' lang='lat' dir='ltr'>ad</span> <span class='ocrx_word' id='word_1_205' title='bbox 1034 2437 1063 2468; x_wconf 85' lang='lat' dir='ltr'>h.</span> <span class='ocrx_word' id='word_1_206' title='bbox 1089 2438 1133 2469; x_wconf 84' lang='lat' dir='ltr'>v.!</span> 
     </span>
    </p>
   </div>
  </div>
 </body>
</html>
