1874 2917
793 213 843 218 ,.
885 181 936 229 e?
981 212 1030 218 ..-

402 341 660 392 Quamquam
688 340 771 380 iam
799 340 955 392 primae
975 340 1151 392 Vergilii
1177 340 1404 380 carminum
1435 336 1555 379 editi-

274 418 365 457 onis
393 416 648 468 temporibus
675 414 786 453 haud
817 413 987 464 deerant
1013 416 1271 468 interpretes,
1310 417 1382 467 qui
1411 429 1555 467 quaes-

273 493 409 532 tiones
452 489 648 542 quasdam
690 491 978 542 grammaticas
1023 491 1291 530 instituerent
1320 515 1370 519 ——
1400 491 1556 543 optime

273 568 351 606 hac
380 565 431 604 de
459 579 503 604 re
539 564 721 603 iudicare
757 565 876 604 nobis
911 564 1078 604 videtur
1105 567 1151 604 F.
1184 566 1349 605 Schoell
1377 566 1421 604 in
1450 579 1552 604 mus.

274 642 388 681 rhen.
418 640 499 680 vol.
531 640 584 679 34
611 653 649 691 p.
681 640 769 689 630,
801 653 894 678 cum
923 638 1050 680 dicat:

403 714 683 755 Bekanntlich
723 714 797 753 hat
838 713 904 753 die
939 715 1147 766 gelaufige
1175 715 1557 766 Schulgrammatik

276 791 348 831 der
375 791 531 830 Romer
559 788 639 828 den
668 789 812 841 Vergil
845 803 951 841 ganz
985 803 1029 829 so
1059 804 1152 829 zum
1180 790 1457 842 Mittelpunkt
1485 789 1558 830 der

276 864 601 919 Sprachstudien
620 864 822 915 gemacht,
845 865 923 902 wie
943 864 1009 903 die
1024 865 1280 916 griechische
1296 866 1557 905 Grammatik

276 941 356 980 den
383 942 557 980 Homer:
601 953 643 977 es
671 952 758 977 war
792 937 878 977 dies
915 940 1005 977 eine
1040 939 1227 978 einfache
1255 940 1558 993 Nachahmung

276 1031 350 1055 aus
385 1015 617 1055 nationaler
649 1014 850 1053 Eitelkeit
890 1013 978 1053 und
1011 1015 1079 1053 bei
1117 1014 1189 1053 der
1223 1016 1559 1055 Beschaffenheit

277 1091 350 1130 der
376 1091 529 1131 Aeneis
563 1090 631 1128 ein
667 1089 897 1128 offenbarer
923 1090 1135 1141 Missgriff,
1169 1114 1218 1118 ——
1247 1090 1426 1142 primum
1454 1092 1557 1130 Ver-

277 1167 369 1217 gilii
397 1166 580 1204 carmina
606 1165 716 1203 iusto
747 1165 1041 1203 commentario
1076 1165 1348 1204 illustravisse
1384 1166 1557 1205 arbitra-

215 1273 218 1276 .
277 1255 370 1280 mur
397 1240 590 1279 Asinium
617 1239 851 1278 Pollionem
880 1241 991 1288 (nam
1017 1240 1062 1286 Q.
1085 1239 1307 1278 Caecilium
1328 1240 1554 1291 Epirotam,

277 1315 410 1355 Attici
455 1314 651 1353 libertum
698 1317 740 1352 et
781 1314 1036 1365 Pomponiae
1081 1314 1190 1352 filiae
1235 1319 1554 1367 praeceptorem,

278 1404 399 1442 quem
428 1390 606 1441 primum
634 1388 810 1439 legendo
837 1389 1156 1440 interpretatum
1176 1393 1217 1427 et
1235 1393 1557 1428 commentatum

279 1479 365 1504 esse
393 1464 626 1515 Vergilium
655 1463 754 1503 Otto
783 1464 1040 1503 Ribbeckins
1069 1463 1199 1514 docet,
1244 1465 1353 1503 inter
1381 1465 1558 1516 Vergilii

277 1541 523 1591 interpretes
537 1539 689 1577 referre
705 1537 950 1588 dubitamus,
973 1553 1067 1577 cum
1086 1539 1308 1578 Suetonius
1329 1538 1393 1588 (de
1408 1540 1555 1579 illustr.

278 1617 493 1666 grammat.
524 1627 585 1665 cp.
618 1614 682 1663 16)
725 1613 831 1651 nihil
867 1611 981 1651 aliud
1014 1613 1097 1652 nisi
1125 1627 1219 1652 eum
1246 1613 1426 1665 primum
1455 1615 1556 1653 Ver-

279 1690 427 1740 gilium
456 1693 497 1727 et
525 1689 626 1727 alios
659 1693 801 1740 poetas
830 1701 960 1727 novos
996 1690 1233 1740 praelegere
1262 1690 1445 1741 coepisse
1473 1704 1557 1728 me-

279 1764 433 1803 moriae
460 1762 716 1816 prodiderit),
755 1776 1002 1815 quamquam
1030 1767 1072 1802 et
1100 1763 1430 1803 Graefenhanius
1460 1765 1555 1814 (vol.

278 1841 347 1878 IV.
373 1853 412 1891 p.
443 1840 522 1878 259
551 1843 592 1877 et
619 1853 657 1890 p.
679 1839 785 1889 277),
818 1839 889 1889 qui
917 1839 997 1877 sibi
1024 1839 1113 1890 ipse
1142 1837 1401 1888 contradixit,
1434 1843 1557 1890 atque

278 1912 432 1953 Theod.
470 1913 678 1964 Bergkius
721 1913 892 1964 (ephem.
932 1912 1038 1952 stud.
1077 1914 1202 1964 antiq.
1244 1914 1347 1952 1845
1383 1927 1422 1965 p.
1464 1915 1557 1966 120)

278 1988 322 2027 id
354 1988 549 2037 refutant,
594 1992 636 2026 et
662 1989 717 2026 M.
746 1988 956 2039 Hauptius
1000 1987 1096 2037 (ind.
1139 1989 1232 2026 lect.
1277 1992 1374 2026 aest.
1419 1989 1555 2028 Berol.

282 2064 385 2102 1855
412 2076 451 2114 p.
480 2063 533 2100 45
562 2064 648 2113 sq.),
688 2062 758 2113 qui
790 2062 1022 2101 Pollionem
1052 2062 1205 2100 Catulli
1242 2063 1558 2102 commentarios

280 2138 491 2190 scripsisse
531 2136 642 2176 haud
681 2141 818 2188 negat,
866 2151 966 2176 num
1006 2136 1117 2176 idem
1158 2137 1336 2188 Vergilii
1377 2139 1560 2177 carmina

280 2215 581 2251 commentatus
610 2212 664 2251 sit
691 2212 898 2263 inquirere
926 2226 969 2250 se
996 2212 1107 2250 nolle
1133 2212 1363 2262 confitetur,
1396 2217 1438 2252 et
1455 2214 1558 2252 Rib-

279 2288 461 2337 beckius,
505 2287 737 2325 Pollionem
774 2285 978 2338 quendam
1005 2287 1183 2338 Vergilii
1219 2287 1402 2325 carmina
1438 2288 1559 2327 iustis

279 2362 507 2400 illustrasse
536 2361 841 2400 commentariis
869 2364 993 2411 ratus,
1025 2361 1332 2401 Thorbeckium
1361 2366 1402 2400 et
1431 2363 1558 2402 Grae-

280 2436 524 2475 fenhanium
551 2435 797 2487 redarguere
826 2450 869 2475 se
895 2449 1015 2489 posse
1042 2440 1179 2487 negat,
1217 2437 1288 2487 qui
1316 2437 1443 2476 alium
1472 2452 1560 2477 esse

1326 2512 1369 2550 5*
