1874 2917
842 183 1130 222 —76—-'

317 333 428 372 haud
443 348 573 385 pauca
589 334 780 373 Servium
795 334 979 372 hausisse
994 334 1103 372 infra
1119 334 1419 384 intellegemus.
1451 335 1604 372 Parum

318 409 497 447 feliciter
526 423 619 447 eum
649 409 836 447 criticam
866 413 996 447 artem
1034 409 1264 447 exercuisse
1300 407 1464 447 traditis
1494 412 1604 447 certe

317 484 419 521 locis
439 483 696 522 Ribbeckius
726 482 991 521 demonstrat.
1051 482 1238 530 Quadere
1267 483 1429 535 saepius
1448 483 1604 522 Donati

318 572 475 596 errores
504 558 771 610 reprehendit
800 559 982 597 Servius.
1041 559 1273 609 Argutatus
1309 562 1371 597 est
1406 559 1531 597 etiam
1559 559 1604 596 in

318 633 494 682 singulis
523 633 737 671 vocabulis
782 632 1036 683 explicandis
1079 633 1148 681 ita,
1193 637 1241 671 ut
1282 646 1360 671 usu
1397 633 1483 671 fere
1520 646 1602 671 ser-

317 708 451 745 monis
479 708 601 745 latini
629 708 809 745 caruisse
846 721 939 745 eum
967 711 1113 758 putare
1147 706 1326 756 deberes,
1371 707 1453 745 nisi
1495 711 1603 745 artes

317 782 607 832 grammaticas
627 782 677 820 ab
704 780 847 820 eodem
867 782 1031 820 Donato
1062 782 1235 833 scriptas
1265 795 1352 820 esse
1381 786 1601 820 constaret.

316 858 366 895 In
413 858 602 896 versibus
650 856 973 908 interpretandis
1021 857 1250 908 simplicem
1297 871 1462 896 sensum
1509 871 1603 896 eum

316 937 580 983 aspernatum
610 946 707 980 esse,
746 932 878 970 Servii
910 932 1142 983 complures
1171 932 1251 970 loci
1282 933 1334 981 (v.
1365 932 1506 982 infra!)
1538 945 1601 970 os-

316 1006 504 1045 tendunt.
577 1008 723 1058 Itaque
768 1006 1090 1044 dissimillimum
1132 1007 1260 1045 fuisse
1295 1008 1451 1045 Donati
1491 1020 1601 1045 com-

316 1082 565 1120 mentarium
597 1082 881 1131 Vergilianum
925 1082 1220 1119 commentario
1251 1082 1450 1120 Serviano
1489 1083 1601 1119 coni-

316 1170 407 1194 cere
437 1157 557 1194 nobis
586 1157 700 1204 licet,
732 1170 828 1193 nam
856 1156 923 1194 hic
953 1156 1267 1207 grammaticam
1296 1170 1417 1207 agere
1436 1157 1601 1208 potissi-

315 1246 429 1270 mum
458 1233 602 1281 voluit,
634 1232 745 1269 illius
766 1232 985 1269 consilium
1005 1232 1131 1269 fuisse
1152 1231 1317 1270 videtur
1337 1232 1602 1270 aestheticam

316 1307 495 1345 scribere
526 1320 648 1357 quam
678 1310 830 1344 vocant
858 1306 1254 1357 interpretationem.

445 1404 636 1442 Servium
684 1403 831 1441 horum
875 1403 1060 1440 omnium
1103 1402 1383 1453 antiquiorum
1427 1403 1601 1453 Vergilii

314 1479 591 1530 interpretum
633 1492 754 1516 usum
797 1492 883 1515 esse
913 1477 1220 1516 commentariis
1249 1477 1331 1515 iam
1360 1476 1403 1515 id
1432 1476 1599 1515 demon-

314 1558 444 1591 strare
474 1554 731 1602 arbitramur,
764 1551 875 1604 quod
904 1553 1090 1590 omnium
1119 1553 1205 1590 fere
1226 1553 1477 1591 mentionem
1499 1552 1602 1591 facit

314 1643 398 1666 non
437 1630 578 1675 semel3
624 1634 665 1666 et
694 1629 757 1666 his
788 1627 952 1678 quidem
983 1629 1084 1666 locis
1113 1628 1351 1666 nominibus
1379 1626 1599 1678 adscriptis

314 1703 433 1743 citat:

394 1791 587 1828 Asinium
629 1790 862 1828 Pollionem
906 1788 956 1826 ad
998 1789 1100 1827 Aen.
1143 1790 1189 1826 ll.
1221 1789 1255 1837 7,
1293 1790 1363 1827 VI.
1395 1790 1484 1837 561,
1521 1789 1598 1826 XI.

510 1865 595 1914 183,
628 1864 704 1903 ΙΧ.
735 1864 814 1902 459
846 1866 892 1914 (Ρ)
923 1878 960 1902 v.
993 1864 1135 1916 supra!

395 1951 437 1988 C.
469 1952 497 1988 J
500 1951 631 1988 ulium
656 1950 877 2001 Hyginum
906 1949 957 1987 ad
977 1950 1079 1987 Aen.
1111 1951 1160 1987 11.
1185 1951 1244 1999 15,
1277 1951 1325 1988 V.
1348 1950 1436 1998 389,
1471 1950 1538 1988 VI.
1561 1951 1596 1998 3,

507 2026 569 2074 66,
602 2025 690 2074 617,
721 2026 811 2073 839,
841 2026 929 2062 Vll.
961 2025 1024 2073 47,
1057 2025 1146 2062 ΧΗ.
1181 2025 1267 2062 120.

393 2111 555 2148 Julium
584 2108 819 2147 Modestum
848 2109 899 2147 ad
929 2111 1028 2148 Geo.
1059 2111 1089 2147 I.
1121 2110 1210 2147 378.

396 2196 438 2233 L.
470 2195 690 2233 Annaeum
721 2195 951 2233 Cornutum
982 2196 1132 2245 Georg.
1162 2196 1189 2232 1.
1212 2195 1306 2242 277,
1337 2195 1440 2232 Aen.
1471 2195 1502 2232 I.
1533 2195 1596 2243 45,

508 2270 594 2319 150,
626 2271 721 2318 488,
753 2270 830 2308 ΙΧ.
862 2270 950 2319 348,
983 2270 1077 2317 675,
1109 2270 1163 2308 Χ.
1195 2269 1284 2307 547.

392 2356 619 2394 Aemilium
647 2356 852 2407 Asperum
890 2355 941 2394 ad
972 2357 1122 2406 Georg.
1161 2356 1214 2393 Π.
1246 2356 1340 2403 324,
1385 2356 1456 2394 IV.
1503 2356 1595 2403 1683

505 2432 608 2471 Aen.
630 2432 701 2471 VI.
734 2432 826 2480 789,
858 2431 950 2470 VII.
988 2433 1076 2479 1693
1109 2431 1197 2480 377,
1230 2431 1324 2479 543,
1357 2431 1470 2469 VIII.
1501 2431 1594 2479 3833
