1874 2917
876 216 1115 256 ---84—

352 369 433 407 nisi
464 367 579 417 duae,
611 372 659 405 ut
688 381 811 419 supra
831 367 1022 407 vidimus.
1074 369 1178 407 Cum
1198 374 1337 407 autem
1356 373 1519 421 praeter
1538 369 1639 408 haec

351 445 546 483 Pliniana
576 442 759 481 dilucida
787 444 906 482 Servi
949 445 1188 482 testimonia
1229 445 1435 496 permulta
1477 448 1641 483 exstent

352 511 406 558 in*
426 519 605 568 scholiis,
651 532 755 570 quae
800 519 834 556 si
877 532 972 557 cum
1009 523 1238 558 ceterorum
1275 520 1640 571 grammaticorum

352 595 585 647 praeceptis
620 607 906 645 comparamus
934 595 1128 633 Pliniana
1164 595 1252 633 sine
1290 594 1414 634 dubio
1451 594 1641 634 habenda

353 674 459 715 sunt,
491 670 583 707 luce
614 669 763 706 clarius
793 683 880 707 esse
910 668 1088 719 videtur,
1121 669 1312 708 Servium
1336 670 1542 722 permulta
1560 670 1641 708 alia

351 746 481 785 Plinii
523 745 640 784 libris
684 744 799 784 dubii
838 746 1038 784 sermonis
1076 745 1276 796 deun-eff),
1320 744 1364 784 id
1406 744 1516 797 quod
1556 760 1639 785 uno

353 822 541 873 exemplo
585 821 792 858 illustrare
836 825 899 858 sat
942 821 1031 859 erit.
1083 821 1251 860 Servius
1286 820 1337 859 ad
1365 821 1468 860 Aen.
1499 822 1530 860 I.
1561 822 1639 860 546

351 897 481 936 Plinii
524 896 740 946 analogiae
782 897 916 946 legem
961 896 1167 947 quandam
1196 895 1433 947 designasse
1461 896 1637 946 videtur,

352 986 446 1010 cum
475 971 660 1010 Plinium
696 969 862 1021 quidem
905 972 1185 1022 praescribere
1227 971 1353 1010 verba
1395 984 1637 1023 synonyma,

351 1049 395 1086 in
425 1048 575 1098 quibus
605 1045 748 1084 eadem
777 1047 877 1084 insit
906 1047 1168 1096 significatio,
1200 1045 1346 1084 iisdem
1366 1048 1528 1085 casibus
1547 1047 1639 1085 iun-

352 1121 489 1174 genda
518 1136 605 1160 esse
636 1120 756 1171 dicat,
804 1122 992 1173 quamvis
1037 1122 1162 1160 etiam
1203 1122 1247 1160 in
1284 1122 1360 1160 hac
1390 1123 1482 1174 lege
1510 1123 1641 1162 multa

352 1199 488 1249 excipi
517 1199 605 1249 ipse
635 1196 845 1236 concedat.
905 1198 1032 1236 Cuius
1062 1198 1273 1236 doctrinae
1294 1199 1505 1249 complura
1525 1199 1640 1237 inve-

351 1273 489 1312 nimus
509 1271 689 1323 vestssigia
714 1273 758 1310 in
779 1273 913 1311 Servii
943 1271 1188 1323 scholiisffl),
1221 1273 1291 1325 qui
1319 1273 1396 1311 hac
1426 1273 1641 1325 analogiae

353 1349 470 1400 quasi
500 1349 569 1386 via
597 1349 765 1398 longius
802 1347 1028 1399 procedens
1058 1349 1125 1386 vel
1168 1362 1215 1386 ea
1257 1349 1382 1387 verba
1420 1349 1463 1386 in
1493 1349 1642 1399 quibus

353 1423 561 1462 contraria
590 1423 691 1460 insit
721 1423 972 1473 significatio
1003 1421 1175 1461 eandem
1205 1423 1321 1474 sequi
1358 1424 1493 1474 legem
1526 1423 1642 1462 iubet

354 1498 420 1548 (ad
449 1500 552 1537 Aen.
585 1500 613 1536 I.
645 1499 751 1547 203).

482 1574 541 1612 At
588 1577 808 1624 post-quam
857 1574 1049 1612 Servium
1096 1574 1302 1625 permulta
1349 1574 1478 1612 Plinii
1524 1574 1641 1613 libris

352 1636 635 1700 grammaticis
679 1648 827 1687 debere
870 1649 1160 1698 intelleximus,
1207 1649 1485 1700 quaerendum
1522 1650 1642 1688 nobis

353 1731 424 1773 est,
458 1729 598 1762 utrum
618 1724 747 1762 Plinii
777 1724 904 1761 libros
934 1724 1022 1774 ipse
1044 1724 1269 1774 inspexerit
1289 1738 1341 1762 an
1360 1724 1483 1762 liuius
1504 1738 1640 1775 gram-

353 1800 494 1837 matici
526 1799 773 1849 sapientiam
803 1812 853 1835 ex
882 1799 1058 1836 aliorum
1088 1803 1303 1836 auctorum
1341 1799 1505 1849 scriptis
1540 1799 1640 1837 hau-

353 1874 465 1911 serit.
524 1874 579 1911 Et
608 1873 686 1910 hoc
717 1871 883 1923 quidem
913 1873 1004 1910 loco
1035 1872 1202 1910 omnino
1238 1873 1517 1911 consentimus
1547 1888 1641 1911 cum

352 1948 599 1994 Kirchnero,
646 1948 714 1997 qui
747 1948 937 1985 Servium
969 1961 1062 1984 cum
1091 1947 1219 1984 Plinii
1257 1948 1382 1985 libros
1412 1946 1527 1986 dubii
1557 1961 1639 1985 ser-

353 2023 487 2060 monis
517 2036 729 2072 nunquam
760 2022 1003 2070 nominaret,
1045 2035 1292 2071 quamquam
1330 2036 1490 2073 semper
1519 2029 1639 2060 natu-

352 2091 479 2134 ralem
512 2096 692 2134 ciusdem
724 2096 940 2134 historiam
970 2096 1092 2147 pleno
1123 2094 1311 2147 adposito
1337 2097 1460 2135 titulo
1481 2097 1638 2146 citaret,

351 2186 402 2210 ne
433 2172 545 2209 tituli
576 2171 742 2222 quidem
772 2172 1137 2222 grammaticorum
1166 2156 1331 2210 illorum
1357 2173 1485 2210 Plinii
1514 2173 1639 2210 libro-

352 2260 444 2285 rum
474 2260 650 2297 gnarum
680 2247 802 2284 huius
832 2247 1094 2296 grammatici
1132 2246 1361 2285 doctrinam
1400 2247 1639 2298 grammati-

352 2336 494 2360 corum
517 2321 775 2372 quorundam
795 2322 1019 2360 latinorum
1046 2336 1095 2359 ex
1115 2322 1231 2360 libris
1252 2323 1295 2360 in
1316 2336 1411 2360 suos
1431 2336 1638 2360 commen-

480 2429 511 2467 ἦ)
538 2430 578 2460 cf.
607 2429 741 2460 Len-ch:
768 2429 799 2459 (1.
825 2428 859 2466 l)
889 2430 909 2460 I.
936 2441 964 2470 p.
993 2430 1052 2460 lits
1078 2431 1135 2469 I'rg.
1161 2430 1286 2461 xcffl.

481 2483 536 2524 ⁴⁶³4)
561 2485 600 2513 (·I'.
627 2483 666 2512 ml
696 2485 777 2513 Aen.
807 2483 847 2513 II.
873 2483 913 2513 ⁴34
938 2488 970 2514 ct
995 2483 1026 2514 X
1060 2484 1131 2514 «3423.
