1874 2917
857 163 1096 209 -46-

457 320 560 359 Aen.
583 320 698 360 VIII.
722 320 784 358 71.
833 333 930 358 sane
951 333 1045 359 cum
1074 319 1237 370 „unde“
1265 319 1389 359 hodie
1409 319 1462 359 ad
1481 321 1619 360 locum

328 396 566 446 referamus,
607 400 770 435 veteres
801 395 925 434 etiam
955 383 1143 449 personis
1172 394 1446 450 adplicabant,
1485 396 1545 435 ita
1572 400 1620 436 ut

329 470 380 509 ad
410 485 532 509 omne
562 485 694 521 genus
723 475 765 509 et
793 470 844 509 ad
874 475 1039 509 oninem
1067 485 1286 509 numerum
1314 471 1527 521 referrent,
1572 476 1620 511 ut

329 546 406 584 hoc
454 547 546 584 loco
594 559 726 596 genus
768 545 1018 584 femininum
1062 550 1102 583 et
1144 546 1347 599 pluralem
1389 560 1616 598 numerum,

330 621 479 674 posuit⁷
526 635 621 659 cum
650 621 750 659 alibi
779 621 1054 658 masculinum
1084 625 1125 658 et
1154 622 1408 671 singularem
1435 622 1620 674 posuerit

331 697 376 745 (Ι.
409 696 468 744 6);
513 709 645 746 genus
675 694 784 742 unde
813 695 1008 733 latinum:
1054 694 1165 746 quod
1207 696 1369 748 plenius
1412 696 1456 734 in
1497 696 1618 740 initio

330 772 453 825 primi
481 771 578 809 libri
605 769 814 809 Aeneidos
844 769 1003 808 dictum
1031 775 1103 808 est.

460 857 562 896 Aen.
595 858 665 896 VI.
698 857 787 895 544.
845 870 897 895 ne
935 857 1048 895 saevi
1076 870 1128 895 ne
1156 857 1342 896 irascere.
1401 857 1621 896 Terentius

333 932 475 983 (Andr.
512 933 556 970 V.
588 932 713 982 2,27):
758 945 809 970 ne
840 932 953 970 saevi
982 936 1208 985 tantopere.
1268 936 1309 970 et
1337 932 1505 984 antique
1535 931 1620 970 dic-

331 1013 422 1047 tum
452 1012 531 1046 est:
574 1021 671 1045 nam
704 1021 814 1045 nunc
845 1021 923 1056 „ne
952 1007 1138 1046 saevias“
1167 1006 1352 1057 dicimus,
1388 1020 1464 1045 nec
1492 1007 1620 1060 impe-

331 1084 514 1122 rativum
543 1082 754 1133 iungimus
784 1080 980 1137 adverb-io
1011 1082 1263 1136 imperantis.

462 1169 565 1208 Aen.
599 1169 646 1207 X.
678 1169 767 1207 411.
826 1167 897 1206 sed
926 1166 1048 1206 modo
1077 1168 1287 1221 inceptiva
1315 1168 1518 1221 particula
1547 1172 1619 1218 est,

332 1249 376 1283 ut
407 1245 450 1283 in
482 1244 678 1282 Sallustio
715 1243 886 1296 saepius,
933 1243 1040 1281 sicut
1069 1248 1111 1281 at
1138 1242 1364 1281 interdum:
1407 1256 1503 1281 nam
1537 1255 1620 1281 non

334 1325 393 1357 est
425 1319 664 1357 coniunctio
693 1318 997 1356 ratrocinantis.

463 1406 564 1444 Aen.
593 1406 661 1443 lx.
685 1406 774 1443 282.
821 1409 892 1442 aut
921 1403 1173 1442 disjunctiva
1202 1405 1405 1457 particula
1434 1410 1505 1453 est,
1537 1417 1622 1442 non

333 1481 527 1533 negantis
557 1479 811 1519 adverbium.

404 1583 463 1618 n.
495 1582 584 1618 VI.
646 1582 720 1617 ne
750 1580 1120 1617 adverbiorum
1152 1561 1555 1617 construeti'one.

680 1662 826 1705 Donati
855 1674 990 1704 comm.
1020 1662 1062 1704 in
1092 1662 1283 1704 Terentii:

463 1750 631 1789 Phorm.
662 1750 693 1787 Ι.
719 1749 794 1797 1,2;
824 1749 927 1787 Heri
956 1747 1008 1787 ad
1037 1762 1101 1786 me
1130 1748 1256 1790 venit.
1315 1749 1492 1802 Propter
1525 1762 1622 1800 cog-

334 1827 547 1866 nationem
578 1839 598 1863 e
628 1830 670 1863 et
698 1825 712 1862 i
740 1825 954 1862 literarum
1000 1837 1085 1862 non
1129 1822 1425 1864 dubitaverunt
1462 1824 1623 1876 antiqui

336 1908 377 1943 et
404 1903 502 1942 here
533 1905 574 1940 et
602 1900 692 1939 heri
722 1898 868 1949 dicere,
914 1904 955 1937 et
989 1913 1108 1938 mane
1144 1904 1185 1938 et
1218 1900 1340 1950 mani,
1386 1905 1427 1938 et
1454 1914 1624 1954 vespere

335 1985 376 2017 et
406 1978 579 2030 vesperi.

464 2050 593 2091 Andr.
617 2052 685 2089 HI.
708 2051 790 2100 4‚3:
821 2048 1033 2089 Adverbia
1052 2050 1249 2103 temporis
1274 2054 1346 2088 aut
1374 2054 1486 2088 certa
1515 2054 1621 2100 sunt,

335 2133 382 2167 ut
410 2126 533 2165 hodie
564 2139 669 2173 crasg
701 2130 773 2163 aut
801 2125 968 2173 incerta,
1000 2128 1064 2162 ut:
1095 2123 1251 2162 dudum
1279 2138 1420 2177 nuper.
1478 2125 1624 2176 Itaque

335 2202 504 2242 incertis
533 2205 692 2239 certum
718 2198 885 2238 additur
914 2204 1091 2252 tempus3
1122 2203 1185 2238 ut:
1215 2200 1298 2237 iam
1318 2197 1483 2249 dudum,
1515 2213 1624 2238 nunc

336 2291 468 2331 nuper
498 2280 572 2314 etc.

464 2350 593 2392 Andr.
629 2351 705 2389 III.
737 2350 840 2400 4,st
898 2351 1029 2389 Porro
1072 2350 1203 2389 futuri
1246 2349 1443 2403 temporis
1479 2348 1623 2388 adver-

335 2429 461 2468 bium.
520 2426 587 2465 vel
618 2424 893 2475 adhortantis3
925 2428 987 2462 ut:
1018 2425 1160 2476 Porro,
1193 2424 1385 2473 Quirites.
