1874 2917
1097 117 1123 155 *κ

853 195 903 200 .-
946 171 998 211 68
1042 195 1091 200 -

326 321 559 361 Pollionem
589 322 744 360 Catulli
780 322 908 360 alium
935 322 1112 373 Vergilii
1149 322 1418 374 interpretem
1455 322 1612 363 iudica-

327 401 479 436 verunt
507 395 550 434 id
580 395 690 448 quod
718 397 787 435 hic
817 395 1043 435 diiudicare
1072 397 1246 448 longum
1275 397 1391 448 estffi)
1439 398 1498 437 At
1517 399 1614 437 Ale-

326 471 541 521 xandrum,
587 486 754 511 servum
782 472 901 511 illum
932 472 1117 523 Vergilio
1147 486 1170 511 a
1198 473 1387 512 Pollione
1416 472 1615 513 donatum

327 547 506 598 Vergilii
535 547 718 585 carmina
747 551 866 597 grato
903 547 949 585 in
987 547 1190 598 optimum
1228 547 1441 587 dominum
1477 549 1614 588 animo

328 626 654 660 commentatum
683 636 771 660 esse
799 635 1010 672 negamuS,
1057 636 1151 660 cum
1180 627 1221 660 et
1254 623 1412 661 nullam
1446 625 1614 662 omnino

326 697 451 735 huius
480 696 719 748 interpretis
748 696 1002 734 mentionem
1031 696 1158 734 faciat
1186 697 1481 747 grammaticus
1507 698 1615 737 ullus

326 785 522 811 romanus
554 772 662 822 [nam
683 771 818 810 Servii
848 771 997 809 scholii
1025 769 1076 808 ad
1095 771 1199 809 Aen.
1223 772 1337 810 VIII.
1369 773 1448 811 330
1475 777 1612 824 poste-

326 848 478 886 riorem
498 850 670 899 partem,
703 846 820 885 cuius
849 846 894 884 in
923 846 1004 884 fine
1025 844 1251 885 Alexandri
1279 847 1430 886 nomen
1459 861 1612 886 memo-

326 927 452 972 ratur,
496 923 531 960 si
560 922 698 974 paullo
729 921 960 960 accuratius
989 921 1196 973 inspicias,
1240 922 1363 960 facile
1391 927 1439 961 ut
1467 923 1614 975 opinor

326 998 535 1047 fateberis,
566 1011 651 1036 non
671 997 796 1036 scribi
821 997 1005 1048 potuisse
1025 1010 1048 1035 a
1068 997 1224 1047 Servio,
1255 1011 1400 1055 verum
1428 998 1479 1037 ab
1508 998 1613 1037 alius

325 1088 451 1113 manu
479 1074 653 1122 venisse,
701 1073 772 1124 qui
800 1071 1084 1114 Alexandrum
1122 1077 1309 1111 secutum
1346 1087 1433 1111 esse
1462 1074 1506 1111 in
1534 1074 1612 1112 hoc

326 1148 483 1188 scholio
513 1148 706 1188 Servium
741 1146 887 1185 docere
920 1147 1112 1197 voluerit]
1152 1151 1193 1185 et
1222 1148 1391 1187 Servius
1418 1148 1611 1187 Asinium

324 1224 561 1262 Pollionom
595 1223 654 1267 ita
683 1223 785 1260 citet
813 1220 865 1259 ad
892 1222 995 1260 Aen.
1027 1223 1075 1259 Π.
1108 1223 1142 1271 7,
1182 1223 1252 1261 VI.
1284 1224 1372 1272 561,
1412 1224 1488 1261 XI.
1522 1217 1608 1273 183,

323 1300 401 1338 IX.
432 1298 511 1337 459
542 1298 602 1348 (P),
634 1301 681 1335 ut
709 1310 829 1335 nemo
859 1295 1050 1335 dubitare
1078 1297 1219 1347 possit,
1252 1297 1352 1348 quin
1371 1298 1507 1336 Pollio
1527 1311 1611 1336 non

323 1372 561 1412 Alexander
590 1372 766 1422 Vergilii
810 1372 844 1409 si
886 1385 970 1409 non
1013 1371 1150 1409 omnia
1192 1373 1375 1410 carmina
1417 1376 1459 1410 at
1500 1377 1610 1411 certe

323 1446 551 1487 Aeneidem
580 1450 882 1485 commentatus
912 1445 1045 1496 sitfiffl)

453 1535 495 1573 C.
533 1534 639 1574 Julii
666 1533 840 1585 Hygini,
879 1532 1063 1583 Augusti
1103 1533 1252 1583 liberti,
1298 1533 1610 1573 familiarissimi

323 1608 486 1659 Ovidio,
517 1609 732 1648 Palatinae
758 1608 1034 1647 bibliothecae
1054 1607 1264 1659 praefecti,
1296 1609 1441 1660 „quasi
1459 1608 1608 1661 paeda-

322 1685 450 1736 gogi“
475 1684 647 1735 Vergilii
668 1683 924 1733 (Suetonius:
947 1682 996 1721 de
1015 1683 1072 1721 ill.
1095 1696 1266 1733 gramm.
1289 1697 1349 1735 cp.
1368 1684 1447 1734 20),
1470 1697 1607 1734 „com-

321 1760 546 1799 mentarios
575 1760 619 1797 in
648 1758 882 1809 Vergilium
911 1758 1071 1796 factos‘⁴
1111 1758 1270 1797 Gellius
1298 1762 1407 1797 noct.
1438 1760 1549 1797 attic.
1580 1760 1605 1797 l.

319 1837 349 1873 J.
390 1835 482 1885 21‚2
520 1838 644 1885 atque
682 1833 913 1871 accuratius
956 1836 1176 1883 „quartum
1218 1833 1370 1871 librum
1414 1846 1516 1884 quos
1558 1832 1608 1872 de

319 1910 508 1960 Vergilio
538 1909 666 1947 fecit“
694 1912 804 1946 noct.
836 1908 948 1945 attic.
979 1908 1004 1945 l.
1037 1908 1152 1946 XVI.
1184 1908 1278 1956 6,14
1304 1906 1456 1957 laudat,
1489 1909 1606 1946 cuius

319 1985 484 2023 saeculo
513 1983 575 2021 illi
605 1982 847 2034 superstites
876 1981 1005 2020 fuisse
1034 1980 1334 2033 videntur.³⁶³⁶⁴*)

448 2113 482 2155 ᾗ)
506 2113 716 2144 ἿῚιονὺθυῑωι
751 2115 924 2143 comment.
960 2112 1000 2142 de
1033 2111 1156 2142 Asinio
1191 2111 1342 2142 Pollione.
1377 2122 1407 2153 p.
1442 2113 1514 2147 122,
1534 2123 1592 2154 sqq

317 2157 451 2199 Leyden
479 2157 570 2187 1820.

447 2210 503 2251 Η)
528 2211 702 2250 Snringar:
727 2208 790 2241 vol.
814 2208 858 2239 ΙΙ.
883 2219 914 2249 p.
940 2208 1001 2239 143
1025 2218 1072 2249 sq.

447 2264 525 2305 θΗΗε)
549 2264 590 2296 cs.
616 2263 862 2294 liretzschmer:
886 2262 905 2293 l.
930 2262 951 2293 l.
975 2273 1006 2303 p.
1032 2262 1070 2294 77
1096 2272 1165 2303 sqq.
1194 2262 1284 2293 1860.

576 2306 756 2338 Mercklin:
781 2306 866 2337 anal.
891 2306 1005 2347 philoL
1030 2305 1135 2346 suppl.
1164 2305 1223 2338 ΠΙ.
1247 2316 1277 2347 p.
1302 2306 1373 2337 (559.

577 2350 804 2381 Graefenhan:
829 2349 891 2382 IV.
915 2360 945 2390 p.
970 2349 1011 2379 453
1036 2359 1096 2389 sqq
1131 2353 1163 2379 ct
1186 2349 1248 2379 278
1272 2359 1320 2389 sq.

577 2393 751 2432 Suriugar:
775 2392 819 2423 II.
844 2402 875 2433 p.
902 2392 1080 2424 172-184.

577 2435 651 2470 Chr.
676 2436 800 2467 Buntc:
824 2435 863 2466 de
888 2436 957 2466 vita
981 2438 1014 2466 et
1037 2435 1173 2476 seriptis
1196 2434 1321 2476 Hygini
1347 2445 1377 2476 p.
1402 2435 1443 2466 22
1467 2446 1538 2477 sqq.
