1874 2917
850 185 1089 228 -66-

327 351 415 377 esse
442 341 637 390 putamus
665 338 744 377 hoc
771 339 863 377 loco
892 339 1077 379 virorum
1107 338 1324 379 doctorum
1352 340 1397 379 in
1424 341 1613 393 margine

326 418 525 455 annotare
568 417 610 452 et
650 414 820 453 nomina
861 418 903 453 et
944 428 1078 467 opera,
1123 415 1194 466 qui
1222 414 1273 454 de
1301 416 1512 463 Servianis
1541 418 1612 468 qui

325 488 519 528 feruntur
532 489 577 529 in
594 489 770 540 Vergilii
786 489 969 529 carmina
983 491 1292 531 commentariis
1308 491 1610 544 scripseruntff)

326 564 468 602 statim
509 565 778 615 inquiramus,
829 565 978 616 quibus
1020 566 1190 605 Servius
1235 567 1473 606 auctoribus
1513 581 1612 606 usus

326 639 381 677 sit
408 639 452 677 in
481 640 789 678 commentariis
818 640 904 679 suis
933 639 1253 681 conscribendis.
1314 642 1434 681 Viros
1468 640 1611 681 doctos

326 718 474 764 autem,
513 715 585 766 qui
612 715 656 757 in
685 715 822 755 Servii
850 715 1038 754 fontibus
1066 714 1313 767 indagandis
1343 730 1509 769 operam
1537 730 1610 769 po-

325 790 494 839 suerint,
526 802 611 828 non
639 789 770 828 habeo
800 803 903 842 quos
932 789 1116 831 adferam
1144 791 1226 830 nisi
1254 791 1330 830 hos
1358 805 1528 843 paucos:

406 865 626 916 Suringar:
656 866 752 905 hist.
784 866 874 904 crit.
906 866 1032 906 schol.
1062 867 1132 905 lat.

405 940 613 980 Ribbeck:
634 941 859 991 prolegom.
878 940 931 980 ad
940 941 1117 991 Vergilii
1132 941 1361 981 carminum
1373 940 1608 980 editionem.

405 1016 445 1055 J.
467 1015 692 1057 Kirchner:
723 1014 774 1054 de
794 1016 930 1055 Servii
950 1016 1187 1055 auctoribus
1207 1017 1489 1067 grammaticis
1509 1030 1611 1068 quos

518 1091 606 1142 ipse
634 1089 831 1131 laudavit.
879 1091 1081 1133 Eleckeis.
1104 1091 1247 1130 Jahrb.
1276 1092 1485 1144 Supplem.
1516 1093 1543 1130 8
1570 1106 1608 1144 p.

517 1166 751 1205 467—533.

406 1240 545 1279 Thilo:
595 1241 856 1291 quaestiones
899 1241 1132 1279 Servianae.
1190 1242 1313 1281 Halle
1357 1242 1471 1280 1867.
1530 1229 1609 1280 'Be-

518 1321 987 1368 grussungsprogramm
1035 1329 1108 1353 zur
1155 1316 1217 1354 25.
1266 1316 1608 1366 Philologenver-

519 1391 764 1440 sammlung.

404 1464 531 1504 idem:
562 1463 613 1503 ad
634 1465 769 1504 Servii
798 1468 1016 1503 comment.
1039 1463 1263 1504 editionem
1291 1465 1418 1516 praef.
1440 1464 1608 1505 Heidel-

517 1541 630 1591 berg.
691 1541 805 1579 1880.
1558 1529 1571 1533 ’Δ

452 1615 514 1653 Ac
557 1615 738 1666 primum
781 1612 958 1665 quidem,
1004 1602 1349 1664 quemadmodum
1382 1615 1427 1653 in
1454 1615 1609 1653 Donati

324 1690 662 1730 commentatoris
705 1670 953 1728 auctoribus
984 1689 1265 1739 grammaticis
1307 1688 1609 1741 investigandis

323 1765 555 1814 fecerimus,
600 1769 647 1804 ut
688 1764 991 1815 intellegamus,
1035 1767 1178 1802 utrum
1213 1764 1382 1804 Servius
1406 1765 1607 1816 -priorum

325 1841 503 1891 Vergilii
538 1840 814 1891 interpretum
843 1853 892 1877 ex
920 1839 1226 1877 commentariis
1254 1839 1439 1878 hauserit
1465 1853 1606 1889 necne,

323 1914 374 1954 de
402 1916 468 1954 his
496 1915 635 1966 paullo
665 1915 897 1953 accuratius
927 1912 1126 1952 disserere
1154 1912 1265 1954 haud
1289 1914 1468 1955 alienum
1488 1914 1608 1952 nobis

322 1989 498 2029 videtur.

451 2107 483 2148 ἤ)
508 2108 590 2140 Mor.
616 2107 748 2148 Haupt:
772 2116 884 2148 opusc.
909 2106 972 2138 vol.
997 2106 1059 2137 ΙΙΙ.
1084 2116 1114 2148 p.
1139 2107 1159 2138 2
1182 2116 1252 2148 sqq.

451 2151 565 2183 Thilo:
600 2151 703 2192 praef.
735 2150 776 2181 ad
806 2150 913 2181 Servii
948 2153 1124 2182 comment.
1158 2150 1348 2181 editionem.
1395 2149 1606 2192 Heidelberg.

451 2237 564 2268 Thilo:
582 2194 755 2276 lssffitrage
790 2245 846 2266 zur
869 2234 983 2266 Kritik
1018 2234 1076 2265 der
1099 2234 1308 2266 Scholiasten
1343 2235 1401 2266 des
1425 2235 1606 2276 Vergilius.

579 2279 697 2310 ltu-in.
745 2278 828 2309 Mus.
863 2277 904 2309 N.
940 2277 976 2308 F.
1012 2278 1073 2308 Bd.
1110 2277 1150 2308 14
1180 2288 1212 2319 p.
1236 2278 1299 2309 535
1321 2288 1392 2320 sqq.
1424 2278 1485 2309 Bd.
1512 2279 1552 2310 15
1575 2289 1606 2320 p.

582 2322 766 2357 lle—1352
789 2321 850 2351 Bd.
878 2321 916 2351 16
938 2331 971 2361 p.
995 2320 1058 2351 442
1081 2331 1152 2361 sqq.
1247 2325 1252 2329 ”

451 2365 576 2396 Heinc:
604 2365 744 2404 Vergilii
769 2374 867 2395 carni.
885 2363 961 2394 edit.
981 2366 1086 2404 quart.
1103 2363 1175 2394 edd.
1194 2363 1341 2404 lVagner
1356 2363 1493 2404 Lipsiae
1514 2363 1606 2395 1832.

579 2407 643 2439 vol.
667 2407 729 2438 IV.
754 2417 784 2448 p.
810 2405 871 2438 743
895 2416 965 2447 sqq.

450 2451 569 2487 Rhein.
586 2451 670 2481 Mus.
687 2449 729 2481 N.
747 2450 783 2480 F.
801 2449 864 2493 vol.
882 2449 1016 2480 XVIII.
1035 2448 1116 2480 1863
1139 2459 1172 2490 p.
1196 2449 1258 2480 253
1283 2460 1354 2490 sqq.
1379 2448 1444 2490 (Fr.
1462 2448 1606 2490 Oehler.)
