1874 2917
830 158 1070 207 ,64-

305 319 440 356 mo'rat
477 316 544 368 <ad
571 314 700 357 Andr.
731 318 781 356 V.
812 319 895 368 3‚4;
935 316 988 356 ad
1014 318 1120 356 Eun.
1151 318 1182 356 I.
1216 318 1296 368 1‚1;
1336 316 1388 356 ad
1407 312 1592 372 Adelph.

304 393 381 431 ΙΙΙ.
412 393 522 442 2,25;
567 391 619 430 ad
646 393 801 444 Hecyc.
837 393 940 444 prol.
978 392 1100 444 prior.
1131 406 1170 431 v.
1201 393 1242 442 23
1287 391 1339 431 ad
1366 392 1532 432 Phorm.
1567 393 1593 432 Ι.
1634 384 1636 386 V

308 469 415 518 1‚15;
445 468 477 506 I.
500 469 582 517 3‚3;
614 469 663 506 11.
685 468 795 517 3,25;
827 469 875 506 V.
896 468 1016 517 8‚16),
1048 472 1095 506 ut
1115 466 1263 507 exinde
1282 467 1396 507 facili
1424 468 1594 519 negotio

307 543 547 593 coniciatur,
597 543 774 595 scriptos
821 557 908 582 esse
956 542 1006 581 ab
1054 556 1101 581 eo
1145 543 1473 594 commentarios,
1524 543 1603 602 qui·

306 618 462 657 Donati
491 622 627 658 aetate
655 619 899 671 superstites
927 618 1094 658 fuerint.
1151 619 1229 658 Isti
1258 632 1356 658 vero
1386 632 1594 658 commen-

307 685 408 732 tarii*
433 707 528 732 cum
558 707 701 733 omnes
729 694 940 747 perierint,
972 694 1113 747 quales
1133 693 1262 733 fuisse
1282 693 1478 734 censendi
1497 694 1592 745 sint,

308 769 352 807 in
381 773 499 807 tanto
528 774 719 808 veterum
748 770 913 807 silentio
957 782 1042 807 non
1083 769 1207 807 facile
1251 773 1314 807 est
1356 768 1593 808 diiudicare.

307 845 519 883 Incertum
562 845 673 883 enim
716 859 803 883 esse
846 843 1014 884 videtur
1050 858 1103 882 an
1132 835 1355 883 Cledonius
1384 844 1596 883 Charisius

308 918 530 957 Diomedes
558 919 798 958 Priscianus
836 919 907 970 qui
941 932 1235 970 saepenumero
1264 919 1430 958 Valerio
1458 919 1596 957 Probo

309 998 480 1044 auctore
501 997 678 1033 utuntur
697 1008 747 1033 ex
766 994 1074 1033 commentariis
1095 994 1183 1032 eius
1208 994 1468 1032 Terentianis
1491 993 1594 1032 hau-

309 1069 449 1106 serint.
507 1067 558 1107 Id
585 1082 715 1107 unum
744 1073 883 1107 autem
921 1072 1110 1107 constare
1139 1069 1274 1120 operis
1307 1068 1441 1107 nostri
1469 1068 1596 1121 parti-

309 1144 402 1182 cula
430 1143 544 1195 prior
572 1142 837 1193 demonstrat,
869 1133 1081 1182 D'onatum
1110 1143 1154 1182 in
1183 1143 1490 1182 commentariis
1511 1142 1597 1182 suis

309 1218 361 1257 ad
390 1219 575 1257 Terentii
617 1219 790 1269 fabulas,
837 1222 1039 1270 quantum
1083 1217 1251 1270 quidem
1293 1217 1345 1257 ad
1387 1218 1598 1270 syntaxim

309 1295 480 1333 latinam
523 1295 769 1347 pertineant,
819 1294 948 1333 Probi
996 1295 1285 1333 annotationes
1328 1295 1597 1333 Terentianas

309 1382 394 1407 non
422 1384 448 1407 U
453 1383 543 1408 Sum
573 1383 671 1408 8888.

438 1456 643 1495 Aemilius
672 1456 807 1508 Asper
843 1456 1138 1507 grammaticus
1176 1454 1379 1494 secundus
1409 1469 1432 1493 a
1459 1455 1597 1494 Probo

311 1531 493 1582 suscepit
534 1531 774 1583 interpretis
816 1535 964 1582 partes,
1008 1529 1052 1569 id
1096 1529 1207 1583 quod
1248 1529 1320 1569 diu
1363 1529 1597 1569 dubitatum

299 1600 421 1645 'nunc
470 1607 594 1658 plane
650 1611 842 1646 constare
898 1607 1156 1656 arbitramur,
1215 1607 1456 1658 praesertim
1503 1620 1597 1645 cum

310 1682 500 1720 Donatus
519 1682 564 1720 in
584 1681 890 1720 commentariis
912 1682 996 1721 suis
1017 1682 1278 1733 grammatici
1307 1681 1419 1721 illius
1446 1695 1598 1721 nomen

311 1758 368 1796 sic
399 1762 521 1796 vocet
557 1758 600 1796 in
637 1763 786 1809 partes,
834 1761 882 1796 ut
910 1758 1058 1796 merito
1089 1772 1183 1796 eum
1211 1758 1456 1808 cognovisse
1486 1758 1598 1796 illius

311 1833 655 1871 commentarium
684 1833 727 1871 in
756 1833 998 1871 Terentium
1027 1832 1262 1883 coniciasfi‘)

440 1929 642 1969 Helenius
671 1929 780 1969 Acro
817 1930 919 1968 item
961 1929 1005 1968 in
1034 1929 1274 1968 Terentium
1318 1929 1598 1968 enarrationes

311 2005 491 2056 reliquit,
538 2018 712 2056 quarum
754 2005 911 2043 mentio
954 2005 1003 2043 fit
1044 2004 1233 2056 pluribus
1269 2005 1313 2043 in
1349 2005 1451 2043 locis
1489 2003 1599 2056 apud

313 2080 547 2120 Charisium
578 2081 755 2131 (192‚30;
787 2081 951 2130 200,16;
982 2081 1101 2130 219,5
1119 2081 1190 2130 Κ.)
1237 2081 1294 2119 Et
1311 2081 1412 2119 haec
1433 2080 1599 2133 quidem

312 2159 410 2194 sunt
439 2156 578 2194 omnia
605 2156 851 2207 fragmenta,
898 2169 1002 2207 quae
1044 2154 1094 2193 de
1137 2159 1226 2194 toto
1261 2156 1439 2194 Acronis
1476 2168 1599 2208 opere

313 2236 551 2283 supersunt:
583 2232 671 2271 sive
685 2230 729 2270 id
744 2231 1026 2283 conscriptum
1046 2230 1175 2269 fuerit
1190 2229 1241 2270 ad
1257 2244 1399 2270 omnes
1415 2231 1599 2270 Terentii

313 2305 487 2357 fabulas⁷
519 2307 608 2346 sive
636 2312 800 2346 tantum
828 2304 950 2346 modo
981 2304 1033 2345 ad
1062 2304 1259 2358 adelphos
1289 2310 1330 2346 et
1349 2306 1596 2357 eunuchum,

443 2436 474 2477 ⁴¹⁶)
501 2438 541 2468 cf,
567 2438 650 2468 Don.
676 2438 716 2468 ad
742 2437 848 2478 adelp.
873 2437 936 2468 III.
960 2436 1049 2476 252&
1076 2436 1137 2468 IV.
1161 2437 1249 2476 2,20;
1273 2437 1405 2469 Phorm.
1430 2437 1455 2468 1.
1480 2436 1563 2477 ’2,24.
