1874 2917
877 162 1116 205 -72-

355 315 713 367 familiaribusque
741 316 830 354 eius
850 314 961 354 edita
981 329 1068 354 esse
1089 314 1249 366 docent,
1279 317 1325 354 in
1344 317 1494 368 quibus
1511 317 1641 356 Probi

355 390 544 443 exposita
562 389 721 429 fuerint
745 390 911 442 singula
939 403 1126 443 quaeque
1153 395 1383 445 praecepta,
1415 404 1519 444 quae
1546 405 1641 436 cum

355 465 477 504 latini
505 466 707 504 sermonis
734 479 923 506 normam
953 470 994 505 et
1028 465 1370 506 consuetudinem
1405 467 1641 506 universam

356 545 602 595 spectarent,
648 541 847 595 exemplis
888 545 1028 580 tamen
1068 545 1232 595 praeter
1273 541 1354 581 alia
1389 542 1641 594 Vergilianis

357 630 521 669 quoque
562 617 771 655 illustrata
814 621 960 655 essent.
1020 617 1202 663 Quarum
1231 618 1639 666 commentationum,

357 704 458 743 quas
494 691 652 729 iustum
681 691 842 740 Vergili
884 691 1225 729 commentarium
1267 691 1481 729 nominare
1521 691 1642 730 nobis

301 771 304 774 ’
355 777 441 803 11011
468 765 568 802 licet
609 764 789 814 „multos
830 763 1052 803 admodum
1093 764 1221 803 libros
1264 778 1307 803 se
1343 763 1642 817 adquisivisse“

358 840 519 880 Gellius
549 841 672 889 (noct.
704 840 815 878 attic.
845 840 871 878 1.
902 840 997 879 XV.
1028 841 1094 889 30>
1123 839 1343 892 praedicat.

487 914 516 953 J
518 926 584 952 am
603 915 728 967 ‘supra
747 917 885 952 autem
906 912 956 952 de
974 913 1091 953 libris
1110 913 1194 954 illis
1214 913 1496 965 grammaticis
1514 914 1642 953 Probi

357 989 526 1029 nomine
547 986 708 1029 ‘ornatis
729 988 985 1043 disputantes
1004 989 1122 1029 Alex.
1143 990 1275 1029 Riesii
1296 988 1346 1028 de
1364 990 1502 1029 Probo
1532 1004 1640 1029 com-

358 1068 590 1103 mentatore
601 1061 849 1103 sententiam
860 1064 1059 1118 optimam
1068 1063 1354 1115 iudicavimus,
1373 1065 1444 1117 qui
1454 1065 1642 1105 Suetonii

358 1141 498 1179 verbis
533 1139 658 1178 fidem
691 1139 923 1178 habendam
952 1153 1040 1178 esse
1067 1144 1181 1178 ratus
1209 1140 1394 1178 Probum
1421 1153 1505 1178 non
1533 1140 1642 1178 notis

359 1218 524 1255 tantum
561 1214 717 1252 criticis
755 1213 827 1252 sed
863 1214 988 1252 etiam
1031 1212 1368 1253 adnotationibus
1411 1214 1639 1267 scriptores

361 1303 464 1341 quos
493 1289 701 1338 tractavit,
740 1289 985 1327 instruxisse
1022 1288 1287 1327 demonstrat.
1344 1289 1401 1326 Et
1428 1289 1516 1341 ipse
1543 1290 1643 1327 Ler-

361 1363 499 1401 schius
527 1362 573 1400 in
601 1361 700 1400 diar.
731 1362 791 1400 lit.
822 1362 950 1414 antiq.
984 1362 1088 1401 1840
1114 1375 1152 1416 p.
1185 1362 1262 1401 113
1291 1360 1408 1401 dicit:
1452 1362 1535 1413 „Es
1564 1362 1643 1414 gab

362 1439 429 1475 ein
472 1437 571 1474 oder
611 1438 797 1474 mehrere
831 1437 1078 1485 Exemplare
1115 1435 1185 1471 des
1214 1437 1359 1481 Vergil
1395 1448 1478 1471 von
1507 1437 1641 1471 Valer.

359 1506 523 1540 Probus
557 1505 724 1560 eigener
749 1502 875 1541 Hand
902 1502 1145 1569 verbcsscrt7
1181 1502 1226 1550 iu
1253 1501 1418 1556 BUGhffl'
1446 1501 1646 1570 &bgsshssllt

362 1594 448 1625 und
468 1594 784 1634 interpungiert,
807 1602 925 1621 wozu
944 1592 1053 1620 noch
1071 1589 1361 1628 Randglossen
1382 1588 1480 1618 oder
1499 1588 1645 1617 selbst-

362 1651 553 1700 standige
594 1651 917 1700 Bemerkungen
958 1650 1017 1687 als
1057 1648 1338 1702 vollstandige
1380 1647 1646 1704 Vollendung

363 1725 434 1773 des
481 1728 710 1772 kritischen
758 1729 978 1772 Geschafts
1034 1731 1353 1770 hinzukamen.‘⁴
1425 1733 1646 1770 Exstitisse

361 1807 493 1851 igitur
534 1818 716 1851 unquam
746 1805 921 1849 Vergilii
964 1804 1193 1837 carminum
1235 1803 1484 1851 exemplaria
1518 1802 1646 1836 Probi

362 1887 487 1911 manu
523 1886 608 1910 non
645 1871 767 1911 modo
805 1877 989 1910 correcta
1025 1871 1097 1910 sed
1134 1872 1258 1910 etiam
1288 1871 1338 1910 ad
1366 1876 1510 1911 notata
1538 1886 1645 1911 asse-

361 1962 506 1988 verare
534 1949 616 1986 iam
644 1961 729 1986 non
758 1946 1004 1987 dubitamus.

491 2025 554 2062 De
582 2024 710 2062 Probi
739 2024 910 2061 minoris
939 2024 1010 2073 qui
1038 2024 1230 2061 feruntur
1258 2024 1301 2060 in
1321 2023 1498 2071 Vergilii
1527 2036 1645 2071 geor-

363 2097 457 2144 gica
485 2100 527 2131 et
561 2096 724 2142 eclogas
759 2094 1076 2140 commentariis,
1123 2094 1194 2141 qui
1234 2098 1418 2129 nostram
1460 2094 1647 2128 tulerunt

363 2168 552 2213 aetatem,
598 2176 682 2201 non
724 2164 922 2201 habemus
965 2162 1075 2214 quod
1103 2162 1231 2201 verba
1266 2163 1397 2200 multa
1432 2162 1643 2211 faciamus,

363 2242 405 2277 et
434 2238 530 2291 quia
558 2238 664 2277 nihil
693 2237 891 2277 exhibent
919 2236 968 2277 de
998 2237 1165 2291 syntaxi
1205 2237 1373 2290 linguae
1414 2237 1568 2277 latinae
1605 2242 1647 2277 et

364 2316 461 2367 quia
490 2330 584 2354 cum
614 2330 637 2353 a
666 2316 811 2355 Servio
848 2315 1016 2353 omnino
1059 2328 1144 2352 non
1179 2313 1355 2353 adhibiti
1389 2315 1473 2353 sint
1514 2314 1665 2354 multo‘

364 2394 458 2441 post
487 2390 622 2429 Servii
660 2394 838 2429 aetatem
875 2389 1019 2439 scripti
1053 2387 1258 2427 videntur.
