<?xml version="1.0" encoding="UTF-8"?>
<!DOCTYPE html PUBLIC "-//W3C//DTD XHTML 1.0 Transitional//EN"
    "http://www.w3.org/TR/xhtml1/DTD/xhtml1-transitional.dtd">
<html xmlns="http://www.w3.org/1999/xhtml" xml:lang="en" lang="en">
 <head>
  <title>
</title>
<meta http-equiv="Content-Type" content="text/html;charset=utf-8" />
  <meta name='ocr-system' content='tesseract 3.04.00' />
  <meta name='ocr-capabilities' content='ocr_page ocr_carea ocr_par ocr_line ocrx_word'/>
</head>
<body>
  <div class='ocr_page' id='page_1' title='image "4737347_0080.png"; bbox 0 0 1874 2917; ppageno 0'>
   <div class='ocr_carea' id='block_1_1' title="bbox 731 161 1011 207">
    <p class='ocr_par' dir='ltr' id='par_1_1' title="bbox 731 161 1011 207">
     <span class='ocr_line' id='line_1_1' title="bbox 731 161 1011 207; baseline 0.007 -12"><span class='ocrx_word' id='word_1_1' title='bbox 731 161 1011 207; x_wconf 67' lang='lat'>.-79..„</span> 
     </span>
    </p>
   </div>
   <div class='ocr_carea' id='block_1_2' title="bbox 253 317 1535 1117">
    <p class='ocr_par' dir='ltr' id='par_1_2' title="bbox 253 317 1535 1117">
     <span class='ocr_line' id='line_1_2' title="bbox 253 317 1533 368; baseline -0.003 -9"><span class='ocrx_word' id='word_1_2' title='bbox 253 319 558 359; x_wconf 83' lang='lat' dir='ltr'>commentariis</span> <span class='ocrx_word' id='word_1_3' title='bbox 594 323 665 357; x_wconf 73' lang='lat' dir='ltr'>aut</span> <span class='ocrx_word' id='word_1_4' title='bbox 693 319 943 368; x_wconf 82' lang='lat' dir='ltr'>Vergilianis</span> <span class='ocrx_word' id='word_1_5' title='bbox 980 323 1051 356; x_wconf 91' lang='lat' dir='ltr'>aut</span> <span class='ocrx_word' id='word_1_6' title='bbox 1087 318 1347 356; x_wconf 85' lang='lat' dir='ltr'>Terentianis</span> <span class='ocrx_word' id='word_1_7' title='bbox 1384 317 1533 368; x_wconf 83' lang='lat' dir='ltr'>reliqui</span> 
     </span>
     <span class='ocr_line' id='line_1_3' title="bbox 254 391 1532 444; baseline -0.002 -11"><span class='ocrx_word' id='word_1_8' title='bbox 254 408 304 435; x_wconf 80' lang='lat' dir='ltr'>ex</span> <span class='ocrx_word' id='word_1_9' title='bbox 345 393 463 432; x_wconf 85' lang='lat' dir='ltr'>libris</span> <span class='ocrx_word' id='word_1_10' title='bbox 505 393 797 444; x_wconf 75' lang='lat' dir='ltr'>grammaticis,</span> <span class='ocrx_word' id='word_1_11' title='bbox 842 392 980 431; x_wconf 91' lang='lat' dir='ltr'>hausti</span> <span class='ocrx_word' id='word_1_12' title='bbox 1021 406 1108 431; x_wconf 90' lang='lat' dir='ltr'>esse</span> <span class='ocrx_word' id='word_1_13' title='bbox 1149 391 1355 431; x_wconf 88' lang='lat' dir='ltr'>videntur.</span> <span class='ocrx_word' id='word_1_14' title='bbox 1425 392 1532 430; x_wconf 89' lang='lat' dir='ltr'>Nam</span> 
     </span>
     <span class='ocr_line' id='line_1_4' title="bbox 254 466 1530 518; baseline -0.002 -11"><span class='ocrx_word' id='word_1_15' title='bbox 254 482 349 507; x_wconf 91' lang='lat' dir='ltr'>cum</span> <span class='ocrx_word' id='word_1_16' title='bbox 378 468 547 507; x_wconf 83' lang='lat' dir='ltr'>Servius</span> <span class='ocrx_word' id='word_1_17' title='bbox 576 466 628 505; x_wconf 88' lang='lat' dir='ltr'>ad</span> <span class='ocrx_word' id='word_1_18' title='bbox 654 468 757 505; x_wconf 89' lang='lat' dir='ltr'>Aen.</span> <span class='ocrx_word' id='word_1_19' title='bbox 787 469 842 506; x_wconf 82' lang='grc' dir='ltr'>ΙΙ.</span> <span class='ocrx_word' id='word_1_20' title='bbox 875 469 924 506; x_wconf 86' lang='grc'>15</span> <span class='ocrx_word' id='word_1_21' title='bbox 952 466 1198 518; x_wconf 71' lang='lat' dir='ltr'>respondeat</span> <span class='ocrx_word' id='word_1_22' title='bbox 1225 467 1353 505; x_wconf 87' lang='lat' dir='ltr'>Probi</span> <span class='ocrx_word' id='word_1_23' title='bbox 1382 467 1530 505; x_wconf 87' lang='lat' dir='ltr'>cathol.</span> 
     </span>
     <span class='ocr_line' id='line_1_5' title="bbox 253 541 1530 596; baseline -0.002 -13"><span class='ocrx_word' id='word_1_24' title='bbox 253 558 292 596; x_wconf 88' lang='lat' dir='ltr'>p.</span> <span class='ocrx_word' id='word_1_25' title='bbox 328 543 418 593; x_wconf 81' lang='lat'>17‚2</span> <span class='ocrx_word' id='word_1_26' title='bbox 447 543 513 593; x_wconf 77' lang='lat' dir='ltr'>K,</span> <span class='ocrx_word' id='word_1_27' title='bbox 560 543 728 583; x_wconf 83' lang='lat' dir='ltr'>Servius</span> <span class='ocrx_word' id='word_1_28' title='bbox 765 541 816 582; x_wconf 86' lang='lat' dir='ltr'>ad</span> <span class='ocrx_word' id='word_1_29' title='bbox 844 543 946 583; x_wconf 87' lang='lat' dir='ltr'>Aen.</span> <span class='ocrx_word' id='word_1_30' title='bbox 985 544 1014 581; x_wconf 85' lang='lat' dir='ltr'>J.</span> <span class='ocrx_word' id='word_1_31' title='bbox 1047 543 1125 582; x_wconf 83' lang='grc'>194</span> <span class='ocrx_word' id='word_1_32' title='bbox 1151 542 1278 582; x_wconf 89' lang='lat' dir='ltr'>Probi</span> <span class='ocrx_word' id='word_1_33' title='bbox 1314 542 1462 581; x_wconf 89' lang='lat' dir='ltr'>cathol.</span> <span class='ocrx_word' id='word_1_34' title='bbox 1492 556 1530 594; x_wconf 90' lang='lat' dir='ltr'>p.</span> 
     </span>
     <span class='ocr_line' id='line_1_6' title="bbox 254 617 1530 669; baseline -0.001 -12"><span class='ocrx_word' id='word_1_35' title='bbox 254 619 421 668; x_wconf 81' lang='lat'>36,25*&gt;,</span> <span class='ocrx_word' id='word_1_36' title='bbox 468 619 635 657; x_wconf 76' lang='lat' dir='ltr'>Servius</span> <span class='ocrx_word' id='word_1_37' title='bbox 677 617 729 656; x_wconf 85' lang='lat' dir='ltr'>ad</span> <span class='ocrx_word' id='word_1_38' title='bbox 769 619 872 657; x_wconf 88' lang='lat' dir='ltr'>Aen.</span> <span class='ocrx_word' id='word_1_39' title='bbox 910 620 979 658; x_wconf 89' lang='lat' dir='ltr'>VI.</span> <span class='ocrx_word' id='word_1_40' title='bbox 1023 619 1103 656; x_wconf 85' lang='lat'>865</span> <span class='ocrx_word' id='word_1_41' title='bbox 1130 618 1259 656; x_wconf 90' lang='lat' dir='ltr'>Probi</span> <span class='ocrx_word' id='word_1_42' title='bbox 1300 618 1447 656; x_wconf 90' lang='lat' dir='ltr'>cathol.</span> <span class='ocrx_word' id='word_1_43' title='bbox 1492 632 1530 669; x_wconf 88' lang='lat' dir='ltr'>p.</span> 
     </span>
     <span class='ocr_line' id='line_1_7' title="bbox 257 693 1534 745; baseline -0.001 -12"><span class='ocrx_word' id='word_1_44' title='bbox 257 694 345 743; x_wconf 59' lang='lat'>1732</span> <span class='ocrx_word' id='word_1_45' title='bbox 374 694 440 743; x_wconf 80' lang='lat' dir='ltr'>K,</span> <span class='ocrx_word' id='word_1_46' title='bbox 480 697 563 732; x_wconf 87' lang='lat' dir='ltr'>tres</span> <span class='ocrx_word' id='word_1_47' title='bbox 592 694 663 732; x_wconf 88' lang='lat' dir='ltr'>alii</span> <span class='ocrx_word' id='word_1_48' title='bbox 692 698 830 733; x_wconf 91' lang='lat' dir='ltr'>autem</span> <span class='ocrx_word' id='word_1_49' title='bbox 857 694 949 744; x_wconf 89' lang='lat' dir='ltr'>loci,</span> <span class='ocrx_word' id='word_1_50' title='bbox 986 694 1056 745; x_wconf 91' lang='lat' dir='ltr'>qui</span> <span class='ocrx_word' id='word_1_51' title='bbox 1083 693 1211 732; x_wconf 90' lang='lat' dir='ltr'>Probi</span> <span class='ocrx_word' id='word_1_52' title='bbox 1239 706 1390 732; x_wconf 88' lang='lat' dir='ltr'>nomen</span> <span class='ocrx_word' id='word_1_53' title='bbox 1419 693 1534 741; x_wconf 46' lang='lat' dir='ltr'>exhi&lt;</span> 
     </span>
     <span class='ocr_line' id='line_1_8' title="bbox 253 767 1533 820; baseline 0.001 -15"><span class='ocrx_word' id='word_1_54' title='bbox 253 769 364 817; x_wconf 89' lang='lat' dir='ltr'>bent,</span> <span class='ocrx_word' id='word_1_55' title='bbox 409 768 453 805; x_wconf 92' lang='lat' dir='ltr'>in</span> <span class='ocrx_word' id='word_1_56' title='bbox 481 768 598 806; x_wconf 90' lang='lat' dir='ltr'>libris</span> <span class='ocrx_word' id='word_1_57' title='bbox 626 769 709 806; x_wconf 90' lang='lat' dir='ltr'>illis</span> <span class='ocrx_word' id='word_1_58' title='bbox 737 769 1027 820; x_wconf 70' lang='lat' dir='ltr'>grammaticis,</span> <span class='ocrx_word' id='word_1_59' title='bbox 1073 782 1175 819; x_wconf 84' lang='lat' dir='ltr'>quos</span> <span class='ocrx_word' id='word_1_60' title='bbox 1217 767 1383 819; x_wconf 85' lang='lat' dir='ltr'>quidem</span> <span class='ocrx_word' id='word_1_61' title='bbox 1422 782 1533 807; x_wconf 89' lang='lat' dir='ltr'>nunc</span> 
     </span>
     <span class='ocr_line' id='line_1_9' title="bbox 253 842 1532 895; baseline 0 -13"><span class='ocrx_word' id='word_1_62' title='bbox 253 843 463 893; x_wconf 88' lang='lat' dir='ltr'>habemus,</span> <span class='ocrx_word' id='word_1_63' title='bbox 507 856 592 882; x_wconf 88' lang='lat' dir='ltr'>non</span> <span class='ocrx_word' id='word_1_64' title='bbox 618 843 820 895; x_wconf 87' lang='lat' dir='ltr'>legantur,</span> <span class='ocrx_word' id='word_1_65' title='bbox 861 843 1022 883; x_wconf 86' lang='lat' dir='ltr'>etiamsi</span> <span class='ocrx_word' id='word_1_66' title='bbox 1051 842 1273 882; x_wconf 75' lang='lat' dir='ltr'>concedere</span> <span class='ocrx_word' id='word_1_67' title='bbox 1301 856 1386 882; x_wconf 91' lang='lat' dir='ltr'>non</span> <span class='ocrx_word' id='word_1_68' title='bbox 1414 842 1532 883; x_wconf 89' lang='lat' dir='ltr'>dubi-</span> 
     </span>
     <span class='ocr_line' id='line_1_10' title="bbox 254 917 1531 968; baseline 0.001 -13"><span class='ocrx_word' id='word_1_69' title='bbox 254 922 402 967; x_wconf 84' lang='lat' dir='ltr'>tamus,</span> <span class='ocrx_word' id='word_1_70' title='bbox 433 918 583 956; x_wconf 90' lang='lat' dir='ltr'>horum</span> <span class='ocrx_word' id='word_1_71' title='bbox 609 919 796 956; x_wconf 89' lang='lat' dir='ltr'>locorum</span> <span class='ocrx_word' id='word_1_72' title='bbox 816 917 918 956; x_wconf 91' lang='lat' dir='ltr'>duos</span> <span class='ocrx_word' id='word_1_73' title='bbox 948 917 1014 967; x_wconf 88' lang='lat' dir='ltr'>(ad</span> <span class='ocrx_word' id='word_1_74' title='bbox 1032 918 1134 956; x_wconf 89' lang='lat' dir='ltr'>Aen.</span> <span class='ocrx_word' id='word_1_75' title='bbox 1157 920 1185 956; x_wconf 83' lang='grc'>1.</span> <span class='ocrx_word' id='word_1_76' title='bbox 1209 919 1286 956; x_wconf 89' lang='grc'>441</span> <span class='ocrx_word' id='word_1_77' title='bbox 1318 922 1359 956; x_wconf 90' lang='lat' dir='ltr'>et</span> <span class='ocrx_word' id='word_1_78' title='bbox 1378 919 1431 956; x_wconf 92' lang='lat' dir='ltr'>X.</span> <span class='ocrx_word' id='word_1_79' title='bbox 1454 920 1531 968; x_wconf 86' lang='lat'>33),</span> 
     </span>
     <span class='ocr_line' id='line_1_11' title="bbox 256 992 1535 1045; baseline 0.001 -13"><span class='ocrx_word' id='word_1_80' title='bbox 256 1007 504 1045; x_wconf 86' lang='lat' dir='ltr'>quamquam</span> <span class='ocrx_word' id='word_1_81' title='bbox 522 994 619 1033; x_wconf 81' lang='lat' dir='ltr'>libri</span> <span class='ocrx_word' id='word_1_82' title='bbox 637 994 700 1032; x_wconf 91' lang='lat' dir='ltr'>illi</span> <span class='ocrx_word' id='word_1_83' title='bbox 720 994 980 1045; x_wconf 85' lang='lat' dir='ltr'>grammatici</span> <span class='ocrx_word' id='word_1_84' title='bbox 1001 994 1070 1045; x_wconf 88' lang='lat' dir='ltr'>qui</span> <span class='ocrx_word' id='word_1_85' title='bbox 1090 994 1210 1033; x_wconf 90' lang='lat' dir='ltr'>nobis</span> <span class='ocrx_word' id='word_1_86' title='bbox 1229 992 1351 1033; x_wconf 85' lang='lat' dir='ltr'>hodie</span> <span class='ocrx_word' id='word_1_87' title='bbox 1372 998 1535 1033; x_wconf 87' lang='lat' dir='ltr'>exstent</span> 
     </span>
     <span class='ocr_line' id='line_1_12' title="bbox 256 1053 1534 1117; baseline 0 -11"><span class='ocrx_word' id='word_1_88' title='bbox 256 1080 326 1106; x_wconf 92' lang='lat' dir='ltr'>eos</span> <span class='ocrx_word' id='word_1_89' title='bbox 368 1081 453 1106; x_wconf 90' lang='lat' dir='ltr'>non</span> <span class='ocrx_word' id='word_1_90' title='bbox 495 1068 727 1117; x_wconf 82' lang='lat' dir='ltr'>exhibeant,</span> <span class='ocrx_word' id='word_1_91' title='bbox 778 1072 819 1106; x_wconf 92' lang='lat' dir='ltr'>et</span> <span class='ocrx_word' id='word_1_92' title='bbox 861 1081 882 1105; x_wconf 91' lang='lat' dir='ltr'>e</span> <span class='ocrx_word' id='word_1_93' title='bbox 924 1053 1228 1106; x_wconf 87' lang='lat' dir='ltr'>commentariis</span> <span class='ocrx_word' id='word_1_94' title='bbox 1272 1072 1314 1106; x_wconf 90' lang='lat' dir='ltr'>et</span> <span class='ocrx_word' id='word_1_95' title='bbox 1355 1082 1376 1105; x_wconf 91' lang='lat' dir='ltr'>e</span> <span class='ocrx_word' id='word_1_96' title='bbox 1417 1069 1534 1107; x_wconf 89' lang='lat' dir='ltr'>libris</span> 
     </span>
    </p>
   </div>
   <div class='ocr_carea' id='block_1_3' title="bbox 256 1142 1535 1268">
    <p class='ocr_par' dir='ltr' id='par_1_3' title="bbox 256 1142 1535 1268">
     <span class='ocr_line' id='line_1_13' title="bbox 256 1142 1535 1195; baseline 0.001 -13"><span class='ocrx_word' id='word_1_97' title='bbox 256 1144 537 1194; x_wconf 87' lang='lat' dir='ltr'>grammaticis</span> <span class='ocrx_word' id='word_1_98' title='bbox 557 1142 609 1182; x_wconf 90' lang='lat' dir='ltr'>ad</span> <span class='ocrx_word' id='word_1_99' title='bbox 627 1144 820 1183; x_wconf 85' lang='lat' dir='ltr'>Servium</span> <span class='ocrx_word' id='word_1_100' title='bbox 839 1144 1017 1195; x_wconf 88' lang='lat' dir='ltr'>migrare</span> <span class='ocrx_word' id='word_1_101' title='bbox 1037 1144 1230 1195; x_wconf 88' lang='lat' dir='ltr'>potuisse,</span> <span class='ocrx_word' id='word_1_102' title='bbox 1261 1147 1401 1182; x_wconf 88' lang='lat' dir='ltr'>tamen</span> <span class='ocrx_word' id='word_1_103' title='bbox 1428 1158 1535 1183; x_wconf 88' lang='lat' dir='ltr'>unus</span> 
     </span>
     <span class='ocr_line' id='line_1_14' title="bbox 256 1217 1531 1268; baseline 0 -13"><span class='ocrx_word' id='word_1_104' title='bbox 256 1218 439 1268; x_wconf 88' lang='lat' dir='ltr'>reliquus</span> <span class='ocrx_word' id='word_1_105' title='bbox 469 1218 604 1256; x_wconf 82' lang='lat' dir='ltr'>Servii</span> <span class='ocrx_word' id='word_1_106' title='bbox 631 1218 747 1255; x_wconf 88' lang='lat' dir='ltr'>locus</span> <span class='ocrx_word' id='word_1_107' title='bbox 777 1217 843 1266; x_wconf 86' lang='lat' dir='ltr'>(ad</span> <span class='ocrx_word' id='word_1_108' title='bbox 864 1218 967 1256; x_wconf 87' lang='lat' dir='ltr'>Aen.</span> <span class='ocrx_word' id='word_1_109' title='bbox 999 1219 1067 1255; x_wconf 83' lang='lat'>111.</span> <span class='ocrx_word' id='word_1_110' title='bbox 1097 1219 1164 1267; x_wconf 75' lang='lat'>82)</span> <span class='ocrx_word' id='word_1_111' title='bbox 1194 1230 1269 1255; x_wconf 87' lang='lat' dir='ltr'>nos</span> <span class='ocrx_word' id='word_1_112' title='bbox 1298 1218 1531 1267; x_wconf 88' lang='lat' dir='ltr'>commovit,</span> 
     </span>
    </p>
   </div>
   <div class='ocr_carea' id='block_1_4' title="bbox 256 1292 1535 1571">
    <p class='ocr_par' dir='ltr' id='par_1_4' title="bbox 256 1292 1535 1571">
     <span class='ocr_line' id='line_1_15' title="bbox 256 1292 1533 1344; baseline 0 -13"><span class='ocrx_word' id='word_1_113' title='bbox 256 1296 303 1331; x_wconf 90' lang='lat' dir='ltr'>ut</span> <span class='ocrx_word' id='word_1_114' title='bbox 323 1293 514 1333; x_wconf 78' lang='lat' dir='ltr'>Servium</span> <span class='ocrx_word' id='word_1_115' title='bbox 533 1293 660 1332; x_wconf 90' lang='lat' dir='ltr'>Probi</span> <span class='ocrx_word' id='word_1_116' title='bbox 680 1294 995 1332; x_wconf 86' lang='lat' dir='ltr'>commentarios</span> <span class='ocrx_word' id='word_1_117' title='bbox 1014 1293 1276 1344; x_wconf 86' lang='lat' dir='ltr'>Vergilianos</span> <span class='ocrx_word' id='word_1_118' title='bbox 1303 1307 1386 1332; x_wconf 90' lang='grc'>11011</span> <span class='ocrx_word' id='word_1_119' title='bbox 1412 1292 1533 1332; x_wconf 84' lang='grc' dir='ltr'>1110ᾶο</span> 
     </span>
     <span class='ocr_line' id='line_1_16' title="bbox 257 1366 1534 1420; baseline 0 -14"><span class='ocrx_word' id='word_1_120' title='bbox 257 1366 492 1406; x_wconf 88' lang='lat' dir='ltr'>adhibuisse</span> <span class='ocrx_word' id='word_1_121' title='bbox 529 1367 600 1406; x_wconf 89' lang='lat' dir='ltr'>sed</span> <span class='ocrx_word' id='word_1_122' title='bbox 629 1369 752 1406; x_wconf 88' lang='lat' dir='ltr'>etiam</span> <span class='ocrx_word' id='word_1_123' title='bbox 787 1369 898 1420; x_wconf 90' lang='lat' dir='ltr'>ipsos</span> <span class='ocrx_word' id='word_1_124' title='bbox 933 1368 1160 1419; x_wconf 84' lang='lat' dir='ltr'>inspexisse</span> <span class='ocrx_word' id='word_1_125' title='bbox 1196 1367 1534 1406; x_wconf 87' lang='lat' dir='ltr'>contenderemus</span> 
     </span>
     <span class='ocr_line' id='line_1_17' title="bbox 257 1443 1534 1495; baseline 0 -13"><span class='ocrx_word' id='word_1_126' title='bbox 257 1447 401 1482; x_wconf 90' lang='lat' dir='ltr'>contra</span> <span class='ocrx_word' id='word_1_127' title='bbox 428 1444 723 1493; x_wconf 85' lang='lat' dir='ltr'>Kirohnerum;</span> <span class='ocrx_word' id='word_1_128' title='bbox 766 1443 809 1482; x_wconf 87' lang='lat' dir='ltr'>id</span> <span class='ocrx_word' id='word_1_129' title='bbox 839 1458 918 1495; x_wconf 90' lang='lat' dir='ltr'>quo</span> <span class='ocrx_word' id='word_1_130' title='bbox 949 1445 1019 1495; x_wconf 91' lang='lat' dir='ltr'>qui</span> <span class='ocrx_word' id='word_1_131' title='bbox 1047 1445 1165 1483; x_wconf 88' lang='lat' dir='ltr'>illum</span> <span class='ocrx_word' id='word_1_132' title='bbox 1193 1445 1331 1483; x_wconf 88' lang='lat' dir='ltr'>locum</span> <span class='ocrx_word' id='word_1_133' title='bbox 1359 1443 1534 1495; x_wconf 87' lang='lat' dir='ltr'>diligen-</span> 
     </span>
     <span class='ocr_line' id='line_1_18' title="bbox 257 1519 1535 1571; baseline 0.001 -15"><span class='ocrx_word' id='word_1_134' title='bbox 257 1519 340 1557; x_wconf 91' lang='lat' dir='ltr'>tius</span> <span class='ocrx_word' id='word_1_135' title='bbox 369 1520 691 1571; x_wconf 80' lang='lat' dir='ltr'>perscrutaverit</span> <span class='ocrx_word' id='word_1_136' title='bbox 715 1520 803 1558; x_wconf 87' lang='lat' dir='ltr'>veri</span> <span class='ocrx_word' id='word_1_137' title='bbox 832 1520 975 1569; x_wconf 90' lang='lat' dir='ltr'>simile,</span> <span class='ocrx_word' id='word_1_138' title='bbox 1006 1534 1058 1557; x_wconf 90' lang='lat' dir='ltr'>ne</span> <span class='ocrx_word' id='word_1_139' title='bbox 1087 1519 1221 1557; x_wconf 83' lang='lat' dir='ltr'>dicam</span> <span class='ocrx_word' id='word_1_140' title='bbox 1249 1524 1416 1569; x_wconf 86' lang='lat' dir='ltr'>certum,</span> <span class='ocrx_word' id='word_1_141' title='bbox 1449 1533 1535 1557; x_wconf 87' lang='lat' dir='ltr'>esse</span> 
     </span>
    </p>
   </div>
   <div class='ocr_carea' id='block_1_5' title="bbox 257 1593 465 1632">
    <p class='ocr_par' dir='ltr' id='par_1_5' title="bbox 257 1593 465 1632">
     <span class='ocr_line' id='line_1_19' title="bbox 257 1593 465 1632; baseline 0.005 -1"><span class='ocrx_word' id='word_1_142' title='bbox 257 1593 465 1632; x_wconf 89' lang='lat' dir='ltr'>concedet.</span> 
     </span>
    </p>
   </div>
   <div class='ocr_carea' id='block_1_6' title="bbox 256 1679 1537 2256">
    <p class='ocr_par' dir='ltr' id='par_1_6' title="bbox 256 1679 1537 2256">
     <span class='ocr_line' id='line_1_20' title="bbox 366 1679 1532 1733; baseline 0.002 -15"><span class='ocrx_word' id='word_1_143' title='bbox 366 1680 584 1731; x_wconf 34' lang='lat' dir='ltr'>„Legimus</span> <span class='ocrx_word' id='word_1_144' title='bbox 614 1681 724 1719; x_wconf 80' lang='lat' dir='ltr'>enini</span> <span class='ocrx_word' id='word_1_145' title='bbox 752 1679 861 1733; x_wconf 86' lang='lat' dir='ltr'>apud</span> <span class='ocrx_word' id='word_1_146' title='bbox 890 1681 1078 1721; x_wconf 80' lang='lat' dir='ltr'>Servium</span> <span class='ocrx_word' id='word_1_147' title='bbox 1110 1679 1162 1719; x_wconf 89' lang='lat' dir='ltr'>ad</span> <span class='ocrx_word' id='word_1_148' title='bbox 1181 1682 1303 1732; x_wconf 85' lang='lat' dir='ltr'>Verg.</span> <span class='ocrx_word' id='word_1_149' title='bbox 1325 1681 1427 1720; x_wconf 90' lang='lat' dir='ltr'>Aen.</span> <span class='ocrx_word' id='word_1_150' title='bbox 1458 1681 1532 1720; x_wconf 91' lang='lat' dir='ltr'>III.</span> 
     </span>
     <span class='ocr_line' id='line_1_21' title="bbox 256 1756 1537 1808; baseline 0.002 -15"><span class='ocrx_word' id='word_1_151' title='bbox 256 1756 308 1794; x_wconf 84' lang='lat'>83</span> <span class='ocrx_word' id='word_1_152' title='bbox 339 1757 382 1805; x_wconf 82' lang='lat' dir='ltr'>(l.</span> <span class='ocrx_word' id='word_1_153' title='bbox 412 1769 451 1807; x_wconf 89' lang='lat' dir='ltr'>p.</span> <span class='ocrx_word' id='word_1_154' title='bbox 483 1757 567 1807; x_wconf 82' lang='lat'>96):</span> <span class='ocrx_word' id='word_1_155' title='bbox 597 1756 803 1808; x_wconf 89' lang='lat' dir='ltr'>„hospitio</span> <span class='ocrx_word' id='word_1_156' title='bbox 832 1757 931 1795; x_wconf 89' lang='lat' dir='ltr'>licet</span> <span class='ocrx_word' id='word_1_157' title='bbox 953 1757 1114 1796; x_wconf 90' lang='lat' dir='ltr'>Probus</span> <span class='ocrx_word' id='word_1_158' title='bbox 1144 1761 1322 1808; x_wconf 87' lang='lat' dir='ltr'>quaerat,</span> <span class='ocrx_word' id='word_1_159' title='bbox 1355 1756 1454 1808; x_wconf 85' lang='lat' dir='ltr'>quid</span> <span class='ocrx_word' id='word_1_160' title='bbox 1482 1757 1537 1795; x_wconf 90' lang='lat' dir='ltr'>sit</span> 
     </span>
     <span class='ocr_line' id='line_1_22' title="bbox 258 1830 1536 1883; baseline 0 -14"><span class='ocrx_word' id='word_1_161' title='bbox 258 1830 495 1881; x_wconf 81' lang='lat' dir='ltr'>„iungimus</span> <span class='ocrx_word' id='word_1_162' title='bbox 530 1831 711 1883; x_wconf 93' lang='lat' dir='ltr'>hospitio</span> <span class='ocrx_word' id='word_1_163' title='bbox 750 1831 949 1881; x_wconf 83' lang='lat' dir='ltr'>dextras“,</span> <span class='ocrx_word' id='word_1_164' title='bbox 997 1836 1136 1869; x_wconf 90' lang='lat' dir='ltr'>tamen</span> <span class='ocrx_word' id='word_1_165' title='bbox 1178 1832 1376 1883; x_wconf 90' lang='lat' dir='ltr'>septimus</span> <span class='ocrx_word' id='word_1_166' title='bbox 1418 1845 1536 1869; x_wconf 87' lang='lat' dir='ltr'>casus</span> 
     </span>
     <span class='ocr_line' id='line_1_23' title="bbox 259 1904 1537 1957; baseline 0.002 -15"><span class='ocrx_word' id='word_1_167' title='bbox 259 1909 330 1954; x_wconf 91' lang='lat' dir='ltr'>est,</span> <span class='ocrx_word' id='word_1_168' title='bbox 361 1904 405 1943; x_wconf 89' lang='lat' dir='ltr'>id</span> <span class='ocrx_word' id='word_1_169' title='bbox 425 1910 487 1944; x_wconf 89' lang='lat' dir='ltr'>est</span> <span class='ocrx_word' id='word_1_170' title='bbox 504 1906 594 1944; x_wconf 90' lang='lat' dir='ltr'>iure</span> <span class='ocrx_word' id='word_1_171' title='bbox 612 1906 925 1957; x_wconf 86' lang='lat' dir='ltr'>hospitalitatis:</span> <span class='ocrx_word' id='word_1_172' title='bbox 955 1920 1051 1944; x_wconf 84' lang='lat' dir='ltr'>nam</span> <span class='ocrx_word' id='word_1_173' title='bbox 1079 1905 1156 1956; x_wconf 89' lang='lat' dir='ltr'>„ad</span> <span class='ocrx_word' id='word_1_174' title='bbox 1177 1906 1428 1957; x_wconf 79' lang='lat' dir='ltr'>hospitium“</span> <span class='ocrx_word' id='word_1_175' title='bbox 1453 1920 1537 1944; x_wconf 92' lang='lat' dir='ltr'>non</span> 
     </span>
     <span class='ocr_line' id='line_1_24' title="bbox 257 1980 1536 2032; baseline 0.002 -15"><span class='ocrx_word' id='word_1_176' title='bbox 257 1983 395 2031; x_wconf 88' lang='lat' dir='ltr'>potest</span> <span class='ocrx_word' id='word_1_177' title='bbox 435 1980 635 2031; x_wconf 89' lang='lat' dir='ltr'>intellegi,</span> <span class='ocrx_word' id='word_1_178' title='bbox 682 1981 778 2032; x_wconf 89' lang='lat' dir='ltr'>quia</span> <span class='ocrx_word' id='word_1_179' title='bbox 817 1981 900 2019; x_wconf 90' lang='lat' dir='ltr'>iam</span> <span class='ocrx_word' id='word_1_180' title='bbox 942 1981 1097 2019; x_wconf 89' lang='lat' dir='ltr'>amicus</span> <span class='ocrx_word' id='word_1_181' title='bbox 1125 1980 1244 2019; x_wconf 60' lang='lat' dir='ltr'>fuit‘fi</span> <span class='ocrx_word' id='word_1_182' title='bbox 1302 1981 1430 2019; x_wconf 87' lang='lat' dir='ltr'>Totus</span> <span class='ocrx_word' id='word_1_183' title='bbox 1468 1981 1536 2019; x_wconf 90' lang='lat' dir='ltr'>hic</span> 
     </span>
     <span class='ocr_line' id='line_1_25' title="bbox 257 2055 1537 2107; baseline 0.001 -14"><span class='ocrx_word' id='word_1_184' title='bbox 257 2055 373 2094; x_wconf 86' lang='lat' dir='ltr'>locus</span> <span class='ocrx_word' id='word_1_185' title='bbox 415 2060 552 2094; x_wconf 86' lang='lat' dir='ltr'>autem</span> <span class='ocrx_word' id='word_1_186' title='bbox 596 2060 638 2094; x_wconf 87' lang='lat' dir='ltr'>et</span> <span class='ocrx_word' id='word_1_187' title='bbox 679 2055 909 2095; x_wconf 88' lang='lat' dir='ltr'>doctrinam</span> <span class='ocrx_word' id='word_1_188' title='bbox 950 2057 1330 2107; x_wconf 79' lang='lat' dir='ltr'>antiquissimorum</span> <span class='ocrx_word' id='word_1_189' title='bbox 1371 2057 1537 2095; x_wconf 88' lang='lat' dir='ltr'>illorum</span> 
     </span>
     <span class='ocr_line' id='line_1_26' title="bbox 258 2114 1537 2182; baseline 0.001 -14"><span class='ocrx_word' id='word_1_190' title='bbox 258 2114 432 2168; x_wconf 89' lang='lat' dir='ltr'>Homeri</span> <span class='ocrx_word' id='word_1_191' title='bbox 461 2130 689 2168; x_wconf 88' lang='lat' dir='ltr'>carminum</span> <span class='ocrx_word' id='word_1_192' title='bbox 717 2127 991 2182; x_wconf 88' lang='lat' dir='ltr'>interpretum</span> <span class='ocrx_word' id='word_1_193' title='bbox 1018 2130 1403 2181; x_wconf 85' lang='lat' dir='ltr'>Alexandrinorum,</span> <span class='ocrx_word' id='word_1_194' title='bbox 1435 2145 1537 2182; x_wconf 87' lang='lat' dir='ltr'>quos</span> 
     </span>
     <span class='ocr_line' id='line_1_27' title="bbox 257 2205 1536 2256; baseline 0.002 -14"><span class='ocrx_word' id='word_1_195' title='bbox 257 2205 466 2243; x_wconf 89' lang='lat' dir='ltr'>imitatum</span> <span class='ocrx_word' id='word_1_196' title='bbox 494 2207 548 2244; x_wconf 90' lang='lat' dir='ltr'>M.</span> <span class='ocrx_word' id='word_1_197' title='bbox 577 2206 787 2244; x_wconf 88' lang='lat' dir='ltr'>Valerium</span> <span class='ocrx_word' id='word_1_198' title='bbox 814 2206 996 2244; x_wconf 89' lang='lat' dir='ltr'>Probum</span> <span class='ocrx_word' id='word_1_199' title='bbox 1021 2207 1239 2256; x_wconf 87' lang='lat' dir='ltr'>Berytium</span> <span class='ocrx_word' id='word_1_200' title='bbox 1281 2205 1536 2245; x_wconf 87' lang='lat' dir='ltr'>animadver-</span> 
     </span>
    </p>
   </div>
   <div class='ocr_carea' id='block_1_7' title="bbox 260 2279 1535 2331">
    <p class='ocr_par' dir='ltr' id='par_1_7' title="bbox 260 2279 1535 2331">
     <span class='ocr_line' id='line_1_28' title="bbox 260 2279 1535 2331; baseline 0.002 -13"><span class='ocrx_word' id='word_1_201' title='bbox 260 2279 395 2318; x_wconf 89' lang='lat' dir='ltr'>siones</span> <span class='ocrx_word' id='word_1_202' title='bbox 425 2293 518 2319; x_wconf 89' lang='lat' dir='ltr'>suas</span> <span class='ocrx_word' id='word_1_203' title='bbox 547 2280 710 2318; x_wconf 87' lang='lat' dir='ltr'>criticas</span> <span class='ocrx_word' id='word_1_204' title='bbox 745 2280 955 2331; x_wconf 86' lang='lat' dir='ltr'>scripsisse</span> <span class='ocrx_word' id='word_1_205' title='bbox 997 2280 1158 2329; x_wconf 89' lang='lat' dir='ltr'>scimus,</span> <span class='ocrx_word' id='word_1_206' title='bbox 1202 2281 1326 2319; x_wconf 87' lang='lat' dir='ltr'>nimis</span> <span class='ocrx_word' id='word_1_207' title='bbox 1367 2280 1535 2331; x_wconf 89' lang='lat' dir='ltr'>redolet,</span> 
     </span>
    </p>
   </div>
   <div class='ocr_carea' id='block_1_8' title="bbox 259 2379 515 2383">
    <p class='ocr_par' dir='ltr' id='par_1_8' title="bbox 259 2379 515 2383">
     <span class='ocr_line' id='line_1_29' title="bbox 259 2379 515 2383; baseline 0 0"><span class='ocrx_word' id='word_1_208' title='bbox 259 2379 515 2383; x_wconf 95' lang='lat' dir='ltr'> </span> 
     </span>
    </p>
   </div>
   <div class='ocr_carea' id='block_1_9' title="bbox 388 2428 865 2473">
    <p class='ocr_par' dir='ltr' id='par_1_9' title="bbox 388 2428 865 2473">
     <span class='ocr_line' id='line_1_30' title="bbox 388 2428 865 2473; baseline 0 -11"><span class='ocrx_word' id='word_1_209' title='bbox 388 2428 422 2473; x_wconf 73' lang='grc'><strong>·)”)</strong></span> <span class='ocrx_word' id='word_1_210' title='bbox 447 2431 487 2462; x_wconf 84' lang='lat' dir='ltr'>cf.</span> <span class='ocrx_word' id='word_1_211' title='bbox 512 2433 545 2462; x_wconf 82' lang='lat' dir='ltr'>et</span> <span class='ocrx_word' id='word_1_212' title='bbox 569 2430 657 2462; x_wconf 77' lang='lat' dir='ltr'>Sel-v.</span> <span class='ocrx_word' id='word_1_213' title='bbox 682 2441 715 2473; x_wconf 87' lang='lat' dir='ltr'>p.</span> <span class='ocrx_word' id='word_1_214' title='bbox 739 2430 800 2462; x_wconf 74' lang='lat'>437</span> <span class='ocrx_word' id='word_1_215' title='bbox 824 2430 865 2462; x_wconf 73' lang='grc' dir='ltr'>Κ.</span> 
     </span>
    </p>
   </div>
  </div>
 </body>
</html>
